3007 3888
2430 0 2569 37 §''
2915 0 3007 128 1

2442 155 2639 208 “xvn
2698 137 2747 195 ὀ
2815 211 2820 214 .

203 309 394 368 atque,
413 308 472 348 ut
503 296 636 355 dixi,
681 292 788 344 vidi
812 249 1173 360 plane-virum.
1244 291 1418 356 Itaque
1452 303 1615 354 quum
1649 301 1768 333 eum
1797 292 1941 332 antea
1972 286 2046 333 tui
2080 285 2378 351 (Ciceronis)
2424 286 2639 336 similem

204 380 258 428 in
285 373 505 428 dicendo
539 371 779 430 viderim,
813 376 924 417 tum
952 384 1073 417 vero
1105 383 1244 417 nunc
1275 384 1304 416 a
1335 366 1623 417 doctissimo
1655 364 1781 422 viro,
1813 362 2034 429 tibique,
2068 373 2126 413 ut
2158 365 2407 424 intellexi,
2442 364 2638 413 amicis·
2869 376 2891 395 ⁴·

203 456 346 513 simo,
380 451 634 519 Cratippo,
664 449 965 518 instructum
997 448 1135 497 omni
1160 447 1326 514 copia,
1359 445 1523 497 multo
1556 441 1794 492 videbam
1823 440 2165 490 similiorem.“

330 531 381 580 6.
414 531 517 579 Dio
551 528 750 578 Cassms
781 526 1050 576 memoriae
1082 523 1256 590 prodit
1288 523 1376 570 lib.
1410 520 1662 580 XXXIX,
1697 538 1740 569 c.
1774 536 1848 585 9.,
1885 536 2143 569 reversum
2176 538 2279 571 esse
2311 526 2523 574 Romam
2559 526 2641 574 Ci-

206 616 466 670 ceronem,
489 610 719 678 factaque
751 608 846 658 sibi
879 626 908 654 a
941 602 1248 655 Consulibus
1275 611 1545 670 potestate,
1587 603 1791 651 Senatui
1837 602 1887 650 in
1934 603 2075 649 curia
2114 604 2402 671 populoque
2438 608 2490 655 in
2523 623 2643 657 con-

203 697 346 747 cione
397 695 578 762 gratias
619 693 786 760 egisse.
863 687 1009 736 Idem
1062 684 1271 734 actionis
1304 701 1400 751 pro
1443 685 1595 736 domo
1637 685 1705 736 ad
1738 684 2002 735 Pontifices
2042 686 2351 735 mentionem
2390 686 2509 736 facit
2551 688 2638 741 lib.

205 772 460 832 XXXIX,
507 789 550 822 c.
594 788 666 819 11.
732 767 946 828 „Cicero
980 765 1133 832 igitur
1163 764 1333 814 denuo
1367 765 1594 831 reviguit,
1626 773 1677 813 et
1707 781 1811 812 non
1843 764 1996 814 modo
2030 775 2219 815 ceteras
2253 764 2480 817 fortunas
2513 786 2640 830 suas,

207 851 300 905 sed
331 868 498 900 aream
530 863 735 915 quoque
770 844 971 895 aedium
1004 862 1210 896 suarum
1244 847 1587 914 recuperavit3
1628 845 1855 912 quamvis
1901 863 1958 893 ea
1991 844 2209 894 libertati
2243 843 2475 894 dedicata
2517 857 2644 896 esset

208 939 259 980 et
289 935 590 980 consecrata.
656 923 749 973 Ille
783 924 917 972 enim
947 923 1107 991 legem
1139 927 1395 984 curiatam,
1431 941 1534 992 quo
1552 922 1758 973 Clodius
1785 921 1851 971 ad
1877 922 2078 990 plebem
2098 921 2367 989 adoptione
2384 922 2647 975 traductus

207 1019 329 1068 erat,
364 1004 762 1075 reprehendens,
806 1005 948 1072 quod
997 1024 1060 1054 ex
1106 1008 1332 1057 instituto
1376 1008 1625 1056 maiorum
1664 1021 1756 1072 per
1793 1004 2151 1053 trinundinum
2194 1004 2507 1071 promulgata
2538 1022 2643 1056 non

205 1089 401 1145 fuisset,
456 1084 673 1135 omnem'
690 1085 796 1132 eius
828 1083 1165 1143 tribunatum,
1211 1086 1264 1133 in
1308 1103 1410 1154 quo
1444 1087 1508 1136 de
1543 1086 1695 1136 domo
1731 1086 2080 1144 constituerat,
2123 1086 2328 1147 evertit3
2374 1084 2644 1149 affirmans,

207 1168 334 1219 nihil
368 1167 430 1216 ab
465 1184 523 1216 eo
559 1164 789 1214 Tribuno
821 1163 888 1230 pl.
925 1165 1033 1212 iure
1066 1164 1174 1214 fieri
1208 1168 1439 1234 potuisse,
1475 1169 1562 1236 qui
1596 1169 1702 1236 ipse
1737 1176 1912 1216 contra
1945 1168 2021 1216 ius
2053 1166 2119 1215 ad
2142 1166 2344 1234 plebem
2361 1168 2643 1218 transisset:

211 1261 361 1318 atque
395 1251 462 1299 ita
495 1246 822 1298 Pontificibus
855 1248 1111 1311 persuasit,
1147 1257 1205 1296 ut
1236 1248 1328 1297 sibi
1363 1236 1541 1308 aream,
1577 1266 1708 1315 quae
1742 1248 1804 1295 ab
1838 1249 1973 1295 omni
2009 1247 2245 1314 religione
2267 1266 2425 1297 vacua
2449 1258 2499 1297 et
2518 1267 2648 1316 pura

211 1342 350 1392 esset,
384 1329 746 1380 adiudicarent.
812 1326 895 1377 Sic
929 1328 1105 1378 Cicero
1140 1339 1190 1379 et
1221 1348 1388 1380 aream
1422 1331 1602 1381 domus
1636 1345 1753 1378 suae
1788 1337 1838 1376 et
1869 1330 2106 1396 pecunias
2140 1330 2474 1379 instaurandis
2507 1329 2643 1379 aedi-

208 1414 304 1463 bus
323 1413 599 1479 ceterisque
614 1412 715 1460 suis
738 1409 1074 1470 facultatibus,
1109 1413 1294 1478 quibus
1308 1412 1553 1461 damnum
1580 1410 1782 1459 illatum
1803 1420 1923 1469 erat,
1960 1410 2250 1477 reparandis
2272 1411 2482 1478 adeptus
2511 1419 2634 1460 est.“

342 1512 386 1561 7.
421 1494 613 1551 AQmLA
645 1493 900 1552 Ronanus,
935 1492 1022 1557 qui
1057 1491 1247 1541 librum
1279 1493 1342 1541 de
1376 1493 1548 1558 figuris
1581 1492 1941 1540 sententiarum
1975 1500 2024 1538 et
2057 1490 2396 1559 eloquutionis
2429 1493 2641 1560 scripsit,

210 1592 259 1641 p.
301 1573 404 1638 149.
472 1569 670 1620 Ruhnk.
706 1569 862 1619 refert
894 1587 921 1618 e
956 1587 1062 1637 cap.
1106 1571 1177 1619 13.
1212 1588 1284 1618 or.
1319 1588 1413 1637 pro
1449 1572 1625 1621 domo:
1666 1571 1892 1622 Videsne
1924 1588 2001 1618 me
2033 1587 2135 1618 non
2163 1571 2412 1619 radicitus
2434 1572 2644 1620 evellere

210 1663 370 1702 totum
402 1651 747 1701 tribunatum?
779 1659 829 1699 et
859 1669 966 1718 pag.
1009 1652 1112 1699 160.
1148 1669 1175 1699 e
1207 1668 1313 1717 cap.
1349 1658 1394 1704 5.
1429 1651 1652 1700 eiusdem
1686 1651 1942 1700 orationis:
1989 1653 2119 1716 Quis
2161 1661 2237 1699 est
2278 1654 2372 1699 iste
2411 1652 2642 1700 Lollius?

212 1734 454 1798 Armiger
489 1731 751 1790 Catilinae,
785 1733 1002 1797 stipator
1034 1733 1114 1779 tui
1145 1734 1374 1797 corporis
1388 1769 1405 1790 ,
1442 1735 1726 1781 concitator
1758 1731 2197 1789 tabernariorum,
2228 1749 2536 1796 percussor,
2573 1733 2646 1780 la-

151 1819 374 1868 ,OErator
389 1810 532 1878 fori,
566 1810 899 1878 depopulator
931 1813 1123 1859 curiae.

339 1895 385 1942 8.
420 1893 677 1951 Annonms,
700 1891 811 1941 adv.
835 1894 978 1941 Gent.
997 1892 1068 1943 IV
1077 1929 1092 1951 ‚
1125 1908 1174 1958 p.
1220 1891 1322 1950 148.
1342 1892 1480 1955 (edit.
1510 1894 1715 1944 Heraldi
1750 1912 1797 1960 p.
1833 1895 1953 1959 186.)
1986 1896 2078 1955 „In
2110 1897 2438 1958 cerimoniis“,
2468 1897 2649 1963 inquit,

209 1975 416 2034 „vestris
429 1973 680 2041 rebusque
693 1973 874 2024 divinis
885 1973 1251 2042 postulionibus
1264 1972 1404 2022 locus
1421 1975 1751 2042 est,etpiaculi
1764 1974 1951 2025 dicitur
1962 1985 2214 2026 contracta
2229 1995 2330 2026 esse
2350 1977 2647 2037 commissi0‚

212 2057 251 2105 si
271 2073 363 2122 per
385 2054 751 2121 imprudentiae
779 2055 975 2123 lapsum
1001 2056 1161 2105 autin
1177 2054 1332 2104 verbo
1368 2057 1613 2122 quispiam
1632 2066 1718 2105 aut
1738 2058 1984 2123 simpuvio
2001 2057 2278 2117 deerravit,
2314 2068 2400 2107 aut
2415 2060 2455 2107 si
2475 2075 2651 2107 rursus

211 2139 264 2188 in
280 2137 605 2187 sollemnibus
625 2137 758 2187 ludis
769 2139 1160 2207 curriculisque:
1183 2138 1504 2188 commissum
1518 2154 1688 2186 omnes
1706 2139 1871 2186 statim
1884 2140 1935 2187 in
1955 2139 2215 2205 religiones
2236 2139 2457 2188 clamatis
2473 2156 2650 2198 sacras,

217 2221 262 2267 si
294 2219 468 2267 ludius
500 2220 747 2276 constitit,
775 2229 868 2267 aut
901 2218 1088 2268 tibicen
1122 2228 1329 2285 repente
1363 2219 1611 2266 conticuit
1626 2235 1646 2276 ;
1680 2227 1773 2265 aut
1804 2219 1851 2265 si
1877 2220 2130 2284 patrimus
2164 2218 2250 2266 ille
2281 2221 2373 2285 qui
2390 2220 2651 2266 vocitatur

213 2314 346 2365 puer
379 2300 544 2345 omisit
555 2314 651 2364 per
670 2302 1014 2362 ignorantiam
1031 2294 1218 2357 lorum,
1237 2308 1331 2347 aut
1346 2307 1535 2346 terram
1553 2306 1725 2345 tenere
1742 2313 1845 2345 non
1857 2299 2075 2364 potuit.“
2107 2296 2166 2345 In
2184 2296 2367 2364 quibus
2384 2296 2646 2346 manifesto

215 2379 433 2426 imitatus
466 2386 538 2425 est
571 2394 643 2426 or.
678 2377 741 2426 de
775 2379 989 2445 Harusp.
1026 2394 1153 2445 resp.
1190 2395 1233 2427 c.
1276 2395 1347 2425 11.
1397 2378 1527 2438 „An,
1563 2379 1601 2425 si
1637 2377 1808 2426 ludius
1842 2379 2076 2461 constiti}
2110 2387 2198 2427 aut
2230 2379 2417 2428 tibicen
2449 2387 2653 2446 repente

219 2458 483 2516 conticuit,
519 2468 605 2506 aut
636 2477 764 2525 puer
795 2459 880 2508 ille
915 2460 1157 2526 patrimus
1192 2468 1241 2507 et
1272 2459 1533 2506 matrimus
1565 2458 1605 2505 si
1640 2465 1827 2504 terram
1860 2474 1962 2504 non
1997 2460 2180 2516 tenuit,
2222 2467 2311 2505 aut
2342 2467 2536 2506 tensam
2568 2468 2654 2506 aut

217 2537 384 2586 lorum
417 2539 595 2598 omisit,
631 2548 717 2587 aut
749 2540 788 2588 si
821 2539 1009 2588 Aedilis
1042 2539 1197 2589 verbo
1216 2547 1306 2588 aut
1323 2537 1539 2605 simpulo
1563 2535 1823 2593 aberravit,
1859 2534 1965 2583 ludi
1988 2544 2106 2583 sunt
2122 2552 2225 2584 non
2241 2537 2335 2583 rite
2358 2535 2476 2585 facti
2487 2536 2538 2584 ?“

344 2636 388 2683 9.
428 2623 739 2679 Rue-mmmm,
774 2621 828 2668 in
860 2620 991 2668 libro
1025 2619 1088 2669 ‹le
1122 2619 1292 2687 figuris
1326 2618 1686 2668 sententiarum
1719 2624 1768 2663 et
1801 2614 2152 2681 eloquutioniS,
2188 2630 2250 2661 ex
2269 2630 2342 2662 or.
2365 2631 2458 2681 pro
2479 2614 2645 2676 domo,

218 2717 260 2748 c·.
293 2716 340 2763 9.
377 2709 426 2747 et
443 2718 486 2748 c.
517 2704 586 2749 18.
622 2704 847 2768 Aporiae
881 2710 930 2749 et
963 2701 1222 2749 Sarcasmi
1253 2699 1480 2766 exempla
1511 2696 1668 2755 affert,
1704 2694 1918 2742 alterum
1949 2711 1998 2759 p.
2039 2694 2147 2741 203.
2187 2693 2304 2742 Tibi
2326 2694 2526 2741 litteras
2552 2695 2641 2744 ille

219 2778 383 2828 misit?
415 2780 581 2848 quas?
615 2783 726 2829 Aut
741 2797 1006 2849 nunquam
1037 2784 1193 2840 misit,
1228 2790 1318 2830 aut
1350 2783 1397 2829 si
1430 2780 1583 2834 misit,
1619 2777 1673 2824 in
1708 2777 1951 2823 concione
1986 2777 2195 2822 recitari
2227 2773 2405 2822 noluit.
2467 2775 2652 2843 Itaque

217 2862 318 2910 sive
350 2860 436 2908 ille
470 2864 638 2919 misit,-
660 2864 761 2910 sive
796 2872 854 2910 tu
882 2863 1179 2928 protulisti:
1216 2872 1352 2911 certe
1386 2859 1650 2909 consilium
1684 2866 1831 2904 tuum
1865 2857 1927 2904 de
1959 2855 2146 2903 honore
2170 2854 2377 2903 Catonis
2402 2855 2651 2905 nudatum

217 2949 315 3001 est;
350 2940 565 2991 alterum
601 2961 649 3010 p.
684 2960 795 2992 200.
865 2944 1026 2993 Sex-te
1063 2954 1257 3002 noster,
1291 2945 1528 3012 quoniam
1560 2942 1712 2988 etiam
1747 2942 1863 2988 iura
1898 2938 2128 3003 ligurris.

353 3037 422 3069 10.
445 3020 531 3068 CI..
556 3022 897 3082 Manlianum,
921 3041 1083 3089 quum
1117 3024 1361 3074 scriberet
1393 3024 1530 3072 Grat.
1566 3021 1679 3069 Act.
1715 3019 1781 3068 ad
1799 3019 1974 3068 Iulian.
1993 3035 2035 3066 c.
2057 3020 2136 3066 31.
2155 3018 2334 3077 „Nunc
2358 3019 2397 3065 si
2418 3018 2527 3078 tibi,
2555 3020 2656 3067 Im-

217 3109 442 3167 perator,
477 3119 659 3168 parum
691 3103 856 3170 ampla
887 3120 983 3152 nec
1016 3104 1349 3172 respondente
1389 3103 1576 3154 meritis
1623 3103 1724 3151 tuis
1763 3102 1986 3151 oratione
2030 3115 2148 3148 usus
2188 3097 2422 3159 videbor,
2467 3117 2655 3167 quaeso

223 3181 542 3247 obtestorque
575 3191 645 3241 te,
691 3202 755 3232 ne
781 3202 920 3233 meae
954 3185 1009 3234 id
1039 3195 1247 3235 naturae
1280 3188 1459 3254 potius,
1495 3204 1647 3253 quam
1683 3183 2015 3250 magnitudini
2049 3180 2411 3230 beneficiorum
2442 3190 2654 3231 tuorum

220 3271 364 3328 putes
399 3279 503 3313 esse
537 3263 925 3315 tribuendum:“
956 3277 1124 3334 aperte
1159 3285 1354 3317 memor
1384 3267 1480 3316 fuit
1498 3284 1569 3316 or.
1582 3276 1694 3334 post
1710 3263 1815 3314 red.
1830 3265 1881 3312 in
1901 3263 2029 3322 Sen.,
2055 3262 2184 3310 init:
2218 3261 2318 3320 ‚,Si‚
2335 3262 2506 3311 Patres
2525 3256 2662 3317 Con‘2

222 3341 408 3406 scripti,
443 3359 536 3409 pro
568 3344 741 3394 vestris
776 3345 1139 3397 immortalibus
1176 3348 1227 3397 in
1260 3366 1342 3400 me
1376 3347 1681 3414 fratremque
1714 3363 1887 3397 meum
1922 3343 2207 3409 liberosque
2239 3351 2438 3394 nostros
2464 3344 2653 3394 meritis

2139 3424 2167 3472 3
