3007 3888
266 267 481 328 testatur
513 276 586 308 or.
622 260 676 308 in
708 259 875 309 Pison.
912 277 956 311 c.
995 278 1068 311 12.
1105 262 1278 328 Quare
1311 279 1415 312 non
1450 262 1754 319 dubitamus,
1791 263 1918 327 quin
1950 262 2179 330 Scriptor
2211 262 2409 312 Gabinii
2453 262 2739 315 fuscae-›cm

270 337 450 403 gitarit.
501 336 670 388 Verba
704 337 998 402 honorifica,
1034 345 1218 392 summi
1250 345 1344 391 viri
1372 352 1423 390 et
1456 342 1729 390 clarissimi
1764 341 2024 400 Consulis,
2059 353 2286 410 spectant
2319 345 2472 412 ipsius
2498 344 2732 395 Consulis

271 419 499 476 Romani,
533 435 640 467 non
673 418 907 481 hominis,
959 424 1049 490 qui
1104 423 1281 472 consul
1334 429 1452 479 erat,
1502 419 1798 486 dignitatem
1844 420 1966 483 (vid.
2017 421 2376 487 Wyttenbach.
2420 423 2488 474 ad
2517 425 2622 477 Cic.
2669 423 2734 473 de

276 498 390 561 Leg.
447 496 486 553 1,
534 497 600 560 5).
684 497 746 545 In
803 499 962 549 altera
1015 510 1129 567 post
1186 501 1410 550 reditum
1466 501 1719 561 oratione,
1777 518 1821 550 c.
1862 502 1909 549 6.
1959 500 2165 548 nullum
2214 503 2421 552 honoris
2474 503 2731 571 epitheton

273 575 530 625 adiectum
565 587 650 626 est.
2737 599 2740 602 ⁴

405 658 642 708 Verbum
685 662 959 720 excedere,
995 660 1043 710 h.
1078 662 1112 709 1.
1148 661 1366 728 positum
1397 677 1492 727 pro
1525 663 1703 726 egredi
1735 678 1808 712 ex
1851 661 2010 720 Urbe,
2045 647 2280 710 Ernestio
2313 669 2364 709 et
2403 661 2609 713 Wolfio
2637 662 2742 713 die·

273 737 445 805 plicet,
483 739 673 807 quibus
707 757 845 790 nunc
877 742 992 790 satis
1020 740 1185 791 facere
1221 740 1474 800 nolumus,
1527 743 1646 809 quia
1692 741 1834 791 locus
1879 749 2050 790 noster
2090 739 2152 789 ab
2196 739 2281 789 illa
2331 748 2473 808 parte
2516 757 2620 791 non
2663 751 2739 792 est

275 829 481 868 notatus
516 839 544 868 a
578 821 778 869 Beckio.
837 822 911 869 Ita
944 826 1094 869 etiam
1129 823 1180 869 in
1215 823 1424 889 reliquis
1461 822 1584 871 locis
1619 841 1675 870 ea
1709 831 1906 870 tantum
1939 819 2214 881 defendere
2257 820 2568 882 conabimur,
2605 837 2734 888 quae

278 898 342 946 ab
378 900 559 948 eodem
591 903 714 959 viro,
751 910 808 947 ut
841 901 894 947 in
927 902 1102 966 primis
1135 902 1508 966 vitiosahnobis
1543 901 1879 949 demonstrata
1914 909 2077 948 erunt.

412 979 467 1026 C.
504 981 549 1040 4.
584 979 794 1042 „Quum
825 981 1145 1047 praeclarum
1180 991 1332 1048 caput
1367 984 1678 1041 recitaretur,
1732 999 1795 1029 ne
1838 982 1951 1047 quis
1994 980 2060 1029 ad
2110 996 2198 1028 vos
2240 981 2465 1040 referret,
2510 998 2574 1030 ne
2621 982 2735 1048 quis

279 1056 590 1119 decerneret,
627 1078 690 1106 ne
726 1059 1015 1126 disputaret,
1052 1079 1117 1110 ne
1152 1062 1464 1128 loqueretur,
1510 1081 1574 1111 ne
1628 1061 1842 1129 pedibus
1887 1062 1995 1120 iret,
2052 1077 2116 1108 ne
2172 1059 2442 1108 scribendo
2492 1061 2734 1110 adesset.“

409 1139 494 1186 Ne
520 1139 735 1204 pedibus
769 1143 888 1198 iret,
905 1141 1012 1188 scil.
1049 1145 1104 1190 in
1137 1145 1440 1190 sententiam
1474 1146 1795 1209 cuiusquam.
1830 1140 1963 1188 Haec
1995 1139 2150 1188 verba
2168 1157 2449 1207 numquam
2469 1140 2733 1190 nonadiici

278 1221 436 1270 solere
472 1231 520 1269 et
551 1239 757 1286 prorsus
788 1224 1066 1270 necessaria
1101 1241 1220 1282 esse,
1259 1223 1588 1272 Marklandus
1623 1224 1896 1281 contendit,
1933 1223 2022 1289 qui
2056 1222 2149 1270 sibi
2185 1222 2232 1269 h.
2269 1223 2301 1269 l.
2334 1213 2505 1269 tenere
2527 1222 2736 1271 videtur

228 1314 238 1328 ·
277 1303 542 1367 vestigium
584 1302 801 1352 hominis
837 1305 1175 1370 provincialis,
1211 1315 1379 1372 atque,
1423 1314 1481 1352 ut
1528 1307 1634 1352 eius
1677 1305 1980 1371 imperitiam
2029 1304 2184 1369 magis
2236 1302 2490 1362 ostendat,
2550 1303 2733 1352 eodem

278 1383 388 1431 iure
423 1384 643 1432 scribere
678 1385 877 1433 licuisse
914 1385 1051 1445 dicit,
1088 1405 1153 1434 ne
1186 1390 1304 1453 quis
1336 1388 1556 1443 adesset,
1591 1385 1679 1432 ubi
1715 1385 1924 1451 legatur,
1960 1402 2024 1432 ne
2065 1388 2184 1451 quis
2215 1384 2482 1432 scribendo
2513 1384 2730 1432 adesset.

275 1467 510 1513 Attamen
545 1466 721 1513 adesse
756 1468 869 1532 quis
910 1474 1074 1533 potest
1116 1469 1266 1515 variis
1312 1467 1476 1514 modis
1522 1476 1672 1533 atque
1725 1465 2018 1524 rationibus,
2068 1483 2285 1531 quarum
2345 1482 2446 1512 una
2494 1462 2736 1512 definitur

1516 79 1544 103 Φ
1571 77 1583 88 .

277 1544 474 1593 adiecto
508 1545 766 1594 scribendi
796 1546 978 1595 verbo:
1008 1548 1227 1614 pedibus
1261 1552 1337 1596 ire
1371 1557 1507 1595 certa
1543 1545 1791 1613 quaedam
1825 1554 1898 1592 est
1930 1545 2163 1602 formula,
2188 1546 2331 1593 cuius
2353 1546 2490 1592 notio
2512 1553 2562 1591 et
2584 1544 2736 1609 signi-

277 1623 455 1683 ficatio,
492 1626 531 1672 si
568 1636 906 1692 componatur
940 1645 1060 1676 cum
1092 1629 1258 1676 verbis
1294 1629 1580 1695 referendi,
1616 1627 2060 1685 decernendi,aliis
2095 1629 2147 1675 in
2181 1630 2367 1676 Senatu
2403 1628 2606 1687 usitatis,
2632 1644 2735 1674 non

275 1716 436 1771 potest
469 1706 703 1772 ambigua
738 1725 862 1769 esse3
898 1711 965 1757 ita
994 1719 1052 1756 ut
1086 1709 1274 1757 addere
1310 1713 1364 1756 in
1407 1710 1730 1763 sententiam,
1775 1724 1878 1754 non
1928 1708 2108 1755 habeas
2156 1725 2371 1765 necesse,
2420 1709 2513 1755 nisi
2568 1708 2725 1772 ipsam

279 1784 489 1835 definire
527 1790 824 1838 sententiam
857 1790 1093 1850 volueris,
1128 1792 1180 1838 in
1197 1787 1573 1856 quampedibus
1587 1795 1742 1834 eatur.
1773 1785 1854 1833 Sic
1878 1787 1986 1834 Liv.
2001 1787 2062 1844 V,
2074 1803 2123 1849 9.
2155 1786 2247 1844 „In
2261 1786 2735 1852 quamsententiam,

279 1883 440 1934 quum
488 1868 704 1935 pedibus
739 1872 951 1919 iretur.“
1014 1870 1119 1919 Cic.
1164 1869 1231 1918 ad
1281 1870 1344 1932 Q.
1380 1869 1463 1915 Fr.
1500 1868 1564 1925 II,
1608 1884 1644 1913 1.
1695 1866 1902 1924 „Ibatur
1936 1868 1987 1915 in
2022 1886 2132 1916 eam
2165 1867 2514 1916 sententiam.“
2576 1868 2736 1915 Pbrro

276 1948 608 1997 Marklandus
642 1959 783 1998 notat
817 1950 1098 1999 cumulatas
1130 1949 1452 2016 loquutiones
1488 1949 1540 1996 in
1575 1945 1670 1994 hoc
1714 1948 1903 2012 capite,
1950 1949 2094 1996 cuius
2137 1965 2340 1997 carmen
2384 1947 2591 1995 servarit
2632 1947 2734 1995 Cic.

280 2026 347 2074 ad
381 2028 530 2074 Attic.
568 2029 656 2086 ΠΙ,
700 2030 771 2087 15,
808 2046 844 2077 s.
881 2029 915 2076 f.
951 2029 1233 2096 „Scripsisti
1269 2028 1335 2076 ad
1367 2045 1471 2084 me,
1525 2025 1784 2091 quoddam
1828 2034 1978 2092 caput
2019 2027 2138 2094 legis
2181 2026 2419 2075 Clodium
2460 2027 2512 2074 in
2566 2026 2736 2074 curiae

277 2116 419 2173 poste
454 2107 641 2156 fixisse:
677 2110 762 2158 Ne
791 2110 1006 2176 referri,
1041 2128 1172 2158 neve
1204 2111 1309 2157 dici
1341 2109 1580 2156 liceretf‘
1614 2107 1671 2153 In
1695 2123 1797 2171 quo
1811 2107 1964 2154 velim
1989 2107 2288 2166 consideres,
2324 2106 2464 2156 aliud
2477 2106 2735 2173 epistolam

279 2203 397 2244 esse,
434 2188 572 2236 aliud
607 2191 899 2238 orationem.
955 2189 1111 2253 Quod
1147 2188 1381 2254 epistolae
1414 2188 1631 2252 scriptor
1662 2184 1884 2233 breviter
1917 2196 2137 2246 enmrat,
2189 2187 2242 2236 id
2284 2188 2518 2253 pluribus
2567 2185 2734 2235 verbis

280 2267 550 2334 amplificat
584 2277 769 2317 orator.
808 2272 984 2335 Itaque
1019 2266 1221 2315 Tullius
1256 2265 1303 2312 h.
1341 2264 1370 2311 l
1401 2282 1494 2330 pro
1529 2264 1634 2312 dici
1664 2263 1823 2311 varias
1856 2264 2061 2314 dicendi
2093 2270 2320 2315 rationes
2370 2269 2539 2334 ponit,
2585 2275 2735 2333 atque

274 2348 482 2412 insuper
515 2349 660 2396 addit
693 2347 1079 2415 amplificatione
1133 2347 1348 2394 oratoria
1375 2347 1595 2410 pedc'bus
1629 2350 1706 2394 ire
1751 2357 1800 2394 et
1849 2349 2116 2398 scribendo
2179 2351 2377 2409 adesse,
2422 2359 2480 2398 ut
2528 2350 2735 2416 singulis

275 2431 633 2478 enumerandis
667 2431 894 2497 partibus
929 2430 1222 2478 auditorum
1253 2430 1444 2475 animos
1478 2428 1761 2493 gravissime
1795 2430 2059 2494 percutiat.

414 2513 466 2562 C
502 2512 547 2563 5
612 2549 643 2571 ,,
631 2511 827 2574 ,Quum
859 2528 947 2559 vos
981 2511 1283 2574 (Senatores)
1317 2517 1505 2556 vestem
1538 2509 1832 2557 mutandam
1868 2512 2193 2571 censuissetis,
2231 2514 2503 2579 cunctique
2551 2521 2735 2562 mutas-

275 2592 403 2649 setis,
440 2598 590 2655 atque
626 2589 763 2639 idem
799 2607 972 2639 omnes
1005 2591 1128 2639 boni
1173 2590 1272 2637 iam
1319 2597 1431 2636 ante
1475 2588 1731 2650 fecissent3
1782 2590 1867 2638 ille
1911 2592 2176 2656 unguentis
2227 2592 2412 2641 oblitus
2455 2610 2574 2642 cum
2622 2601 2734 2660 toga

273 2679 543 2737 praetexta,
580 2688 733 2736 quam
769 2688 940 2719 omnes
974 2673 1234 2719 Praetores
1269 2669 1572 2735 Aedilesque
1602 2679 1711 2718 tum
1746 2671 2043 2731 abiecerant‚
2081 2674 2266 2722 irrisit“
2296 2684 2388 2723 etc.

405 2752 620 2816 Quaerit
654 2753 751 2802 hoc
786 2753 900 2801 loco
934 2751 1278 2811 Marklandus,
1316 2769 1483 2801 annon
1520 2770 1581 2799 ex
1615 2771 1689 2812 eo,
1725 2753 1866 2819 quod
1898 2754 2091 2804 Auctor
2121 2757 2736 2807 mentionemPraetorum

275 2843 323 2881 et
357 2833 615 2882 Aedilium
650 2851 876 2883 seorsum
909 2833 1101 2894 fecerit,
1139 2834 1403 2883 dubitandi
1444 2850 1592 2882 causa
1626 2834 1701 2892 sit,
1737 2853 1799 2882 an
1833 2836 1872 2883 is
1904 2837 2018 2885 satis
2052 2839 2187 2887 norit
2229 2839 2451 2888 instituta
2492 2841 2730 2897 Romana,

275 2915 558 2981 scieritque‚
595 2932 768 2963 omnes
802 2917 1060 2964 Praetores
1095 2923 1144 2963 et
1178 2914 1377 2963 Aediles
1412 2914 1563 2963 fuisse
1601 2914 1800 2963 eosdem
1848 2915 2124 2967 Senatores.
2193 2919 2284 2968 Cui
2341 2918 2594 2969 Gesnerus
2656 2937 2733 2968 re-

276 2995 499 3060 spondet,
536 2995 676 3044 aliud
712 3014 830 3055 esse,
865 3006 1054 3045 vestem
1095 3005 1293 3045 mutant
1327 2997 1497 3046 cuncti
1547 2997 1821 3054 SenatoreS,
1865 3015 1952 3045 seu
1997 2999 2253 3049 sordidam
2294 3010 2481 3050 vestem
2526 3007 2737 3048 sumunt·

275 3089 367 3138 plo
403 3075 643 3124 candida:
680 3074 823 3124 aliud
857 3094 976 3135 esse,
1021 3086 1330 3143 praetextam
1349 3079 1559 3142 (vestem
1607 3079 1985 3142 magistratuum
2015 3082 2295 3147 propriam)
2332 3081 2589 3137 abiiciunt,
2633 3077 2722 3144 qui

278 3151 355 3200 ius
390 3154 519 3204 illius
558 3155 755 3205 habent.
795 3155 969 3221 Quare
1002 3158 1152 3209 etiam
1185 3157 1698 3209 WolfiusMarklandi
1734 3162 2069 3228 suspicionem
2104 3163 2167 3211 de
2202 3163 2478 3242 ignorantia
2507 3159 2730 3225 Scripto-

279 3234 350 3282 ris
385 3236 644 3301 improbat.

416 3317 471 3365 C·
508 3336 551 3385 7·
586 3321 883 3388 „Capuaene
917 3329 967 3372 te
999 3321 1225 3390 putabas,
1262 3321 1315 3372 in
1349 3339 1451 3393 qua
1485 3322 1613 3372 urbe
1649 3322 1963 3376 domicilium
2006 3323 2264 3391 quondam
2309 3318 2574 3387 superbiae
2619 3316 2729 3378 fuit,
