3007 3888
2433 120 2493 180 ‘⁷
2532 157 2636 220 xv
2704 157 2735 192 ⁴¹
2770 137 2783 148 “

948 235 996 281 *0
2640 260 2645 264 ·
2750 235 2756 238 ’

183 293 320 343 ronis
340 292 644 360 opinionem
674 298 892 339 auctore-
915 289 1146 359 Scipione
1157 290 1269 340 Cos.
1299 290 1508 340 Aediles·
1535 298 1786 340 secret-um
1819 298 1932 338 ante
1965 307 2136 341 omnes
2162 292 2347 342 locum·
2369 294 2629 361 spectandi

179 371 514 423 senatoribus>
538 369 795 433 dederint3
832 369 1008 422 eodem
1041 371 1128 422 illo
1161 365 1293 422 facto
1326 371 1571 439 Scipionis
1606 369 1660 418 in
1693 366 1786 417 hac
1819 367 2027 435 quidem
2059 370 2293 432 oratione,
2328 372 2449 440 quia
2482 389 2632 424 causa

182 454 600 523 populat-iseren-
626 453 1048 524 poemebaturque
1082 458 1292 506 Senatus
1325 453 1635 509 auctoritate,
1669 459 1820 517 atque
1840 449 1905 500 ob
1932 449 1984 499 id
2001 449 2289 518 dignitatem
2309 455 2416 504 eius
2435 454 2631 504 ordinis

185 552 347 604 quam
371 535 529 604 possit
559 535 774 586 maxime
808 536 990 586 elevari
1024 552 1201 585 causae
1235 532 1545 602 expediebat,
1581 533 1883 601 poenituisse
1918 533 2289 601 aitScipionem,
2307 537 2629 606 quodpassus

184 627 324 677 esset,
356 615 413 667 id
443 616 573 666 fieri:
609 618 660 666 in
695 636 751 667 ea
793 619 1017 667 oratione
1067 614 1130 664 de
1173 615 1513 681 Haruspicum
1544 632 1797 683 responso,
1842 615 1961 681 quia
2003 614 2054 662 in
2109 615 2292 662 Senatu
2335 615 2626 677 habebatur,

185 700 331 747 cuius
365 697 574 747 auribus
607 708 713 747 erat
744 693 1128 753 blandiendum,
1165 702 1215 742 et
1245 710 1546 761 magnopere
1580 696 1727 744 illum
1759 694 1945 753 laudat,
1971 704 2019 743 et
2051 711 2156 742 non
2189 704 2445 746 auctorem
2476 698 2627 747 fuisse

116 807 119 809 ·
186 779 355 840 dandi,
389 783 525 845 (nam
559 780 613 829 id
646 789 753 828 erat
786 778 962 842 levius)
994 775 1083 826 sed
1116 777 1282 844 ipsum
1314 776 1463 824 etiam
1497 775 1692 825 dedisse
1728 776 1902 825 dicit.“

315 879 375 927 In
409 879 505 926 boc
539 877 741 925 Asconii
777 874 1227 925 locoMarklandus
1246 873 1503 941 duplicem
1536 891 1760 923 errorem
1793 890 1896 923 esse
1930 874 2210 923 notandum
2242 874 2380 934 dicit,
2411 875 2462 923 in
2476 876 2630 942 praef.

185 960 250 1010 ad
281 959 354 1009 IV
387 956 547 1006 Oratt.
583 974 632 1024 p.
670 963 747 1025 73.
779 956 946 1017 „Nam
971 957 1157 1023 prior“,
1192 955 1372 1023 inquit,
1411 971 1557 1021 „pars
1586 953 2029 1004 animadversionis
2063 954 2362 1005 Ciceronem
2395 956 2551 1006 tradit
2580 958 2632 1005 in

176 1038 362 1087 eadem
395 1038 618 1086 oratione
654 1037 836 1096 dicere,
872 1037 1156 1105 Scipionem
1185 1039 1351 1105 ipsum
1394 1045 1652 1084 auctorem
1681 1035 1862 1101 fuisse
1903 1036 2060 1084 dandi
2100 1054 2219 1085 eum
2263 1036 2434 1086 locum
2483 1039 2631 1086 Sena-

185 1118 405 1181 toribus3
439 1119 698 1186 posterior,
733 1135 837 1168 non
880 1129 1140 1167 auctorem
1167 1115 1350 1186 fuisse
1394 1117 1567 1175 dandi,
1612 1115 1701 1165 sed
1744 1118 1909 1183 ipsum
1949 1119 2100 1165 etiam
2139 1116 2351 1166 dedisse.
2417 1116 2631 1178 Deinde,

186 1198 441 1268 quomodo
477 1200 566 1248 ista
590 1198 710 1247 'talis
742 1199 1068 1266 repugnantia
1101 1196 1167 1246 ad
1201 1195 1524 1247 calliditatem
1556 1199 1825 1248 oratoriam
1855 1197 2033 1247 referri
2068 1201 2234 1267 possit,
2270 1199 2510 1268 equidem
2529 1217 2633 1250 non

186 1282 378 1348 capio.“
411 1279 568 1344 Quod
599 1273 1013 1328 Marklandus‘se
1048 1296 1150 1327 non
1187 1295 1362 1345 capere
1398 1279 1533 1338 dicit,
1568 1296 1741 1329 omnes
1776 1287 1909 1328 certe
1954 1280 2151 1345 capient
2191 1282 2240 1341 ii,
2284 1282 2373 1347 qui
2419 1281 2634 1348 legerint

185 1376 256 1409 or.
292 1377 385 1426 pro
420 1359 619 1412 Cluent.
655 1376 698 1408 c.
725 1359 812 1407 50.
852 1375 950 1425 sq.,
986 1357 1073 1407 ubi
1111 1359 1288 1407 Cicero
1323 1360 1387 1409 de
1417 1358 1706 1407 huiusmodi
1743 1358 2149 1418 dissensionibus,
2167 1377 2329 1426 quum
2363 1361 2458 1409 alia
2490 1379 2633 1428 prae·

188 1439 336 1497 clara,
372 1448 483 1488 tum
518 1442 667 1488 etiam
697 1439 820 1487 haec
856 1439 1001 1488 dicit:
1036 1442 1223 1500 „Errat
1251 1439 1587 1497 vehementer,
1622 1439 1662 1486 si
1697 1439 1809 1504 quis
1846 1439 1897 1486 in
1916 1440 2243 1493 ,orationibus
2277 1443 2475 1499 nostris,
2510 1459 2634 1508 quas

191 1520 242 1565 in
276 1520 472 1568 iudiciis
506 1520 774 1568 habuimus
810 1516 1126 1570 auctoritates
1169 1532 1360 1570 nostras
1411 1522 1721 1587 consignatas
1765 1537 1815 1568 se
1872 1520 2054 1569 habere
2098 1521 2385 1570 arbitratur.
2446 1521 2634 1570 Omnes

192 1602 323 1649 enim
360 1601 472 1649 illae
508 1602 754 1652 orationes
790 1618 1054 1650 causarum
1088 1611 1137 1650 et
1168 1611 1455 1669 temporum
1487 1612 1618 1661 sunt,
1646 1618 1750 1650 non
1790 1601 2052 1651 hominum
2094 1604 2318 1669 ipsorum
2361 1619 2418 1652 ac
2468 1611 2635 1670 patro-

190 1697 389 1729 norum.
424 1681 550 1730 Nam
578 1684 617 1730 si
654 1699 827 1731 causae
870 1685 1001 1750 ipsae
1044 1701 1137 1750 pro
1179 1701 1229 1732 se
1271 1683 1412 1749 loqui
1455 1690 1669 1749 possent,
1723 1699 1870 1730 nemo
1912 1681 2173 1731 adhiberet
2215 1691 2464 1730 oratorem
2504 1684 2637 1748 24).“

190 1761 401 1828 Reliqua
435 1762 650 1828 speciem
681 1762 900 1810 veritatis
935 1752 1133 1820 habent,
1154 1777 1283 1828 quae
1317 1759 1645 1808 Marklandus
1674 1768 1868 1820 monet3
1904 1769 2120 1808 attamen
2142 1777 2245 1808 non
2271 1762 2385 1809 satis
2404 1770 2634 1831 accurate

171 1830 230 1889 ‘is
266 1841 616 1907 interpretatus
651 1849 723 1888 est
755 1840 958 1890 Asconii
993 1839 1490 1889 animadversionem.
1544 1837 1700 1887 Cuius
1754 1839 1894 1904 prior
1940 1855 2056 1904 pars
2109 1838 2277 1897 tradit,
2336 1838 2635 1889 Ciceronem

119 1975 123 1979 ,
191 1925 348 1973 videri
381 1925 699 1990 significare,
734 1941 836 1974 non
860 1926 1015 1993 plane
1051 1925 1241 1983 dicere,
1276 1925 1329 1972 in
1363 1939 1435 1971 or.
1472 1919 1535 1968 de
1569 1920 1782 1985 Harusp.
1825 1920 1993 1986 Resp.,
2044 1921 2327 1988 Scipionem
2374 1931 2635 1972 auctorem

187 1999 338 2050 fuisse
375 2001 527 2051 dandi
561 2020 680 2051 eum
694 2003 1218 2062 locumSenatoribus3
1253 2000 1498 2067 posterior
1532 1997 1789 2048 calliditati
1823 1999 2066 2046 oratoriae
2102 1999 2196 2048 hoc
2230 2002 2455 2065 assignat,
2489 2002 2631 2066 quod

193 2079 384 2139 Cicer0‚
422 2098 583 2148 quum
614 2089 813 2148 putaret
847 2091 934 2130 aut
966 2099 1261 2149 persuasum
1294 2078 1388 2129 sibi
1423 2076 1643 2152 haberet,
1664 2075 1949 2142 Scipionem
1965 2086 2224 2125 auctorem
2244 2076 2425 2143 fuisse
2459 2078 2635 2138 dandi,

192 2156 246 2207 id
280 2159 444 2225 ipsum
475 2177 579 2209 non
613 2158 803 2208 diceret
838 2161 889 2208 in
924 2177 980 2208 ea
1014 2159 1254 2217 oratione,
1289 2155 1380 2207 sed
1413 2156 1610 2206 dedisse
1644 2155 1788 2203 illum
1822 2155 1988 2204 locum
2021 2155 2371 2205 Senatoribus.

320 2253 565 2302 Eiusdem
612 2255 815 2304 Asconii
859 2255 1142 2304 secundum
1185 2265 1343 2304 exstat
1375 2254 1719 2302 testimonium
1758 2257 1812 2300 in
1845 2253 2122 2303 Comment.
2159 2254 2226 2303 ad
2259 2257 2470 2304 Divinat.
2507 2275 2549 2305 c.
2585 2260 2634 2307 6.

191 2334 255 2383 ad
288 2333 462 2383 verba:
498 2337 697 2384 etiamsi
728 2347 918 2396 tacent,
953 2341 1080 2385 satis
1113 2340 1305 2385 dicunt.
1339 2337 1545 2397 „Tale“,
1582 2336 1764 2401 inquit,
1796 2335 1961 2393 „illud
1996 2344 2088 2383 est:
2126 2352 2284 2402 quum
2306 2346 2495 2396 tacent,
2531 2339 2635 2386 cla-

192 2425 355 2474 mant,
414 2425 463 2464 et
495 2419 753 2465 victoriam
786 2421 945 2484 ipsam
977 2421 1164 2465 vicisse
1196 2418 1421 2472 videris,
1482 2423 1532 2462 et
1559 2415 2015 2481 philosophandum
2045 2428 2144 2474 est,
2196 2420 2394 2466 etiamsi
2426 2436 2528 2467 non
2562 2431 2639 2469 est

186 2496 653 2564 philosophandum.
721 2498 855 2547 Haec
887 2502 941 2546 in
973 2497 1085 2547 loco
1120 2513 1214 2546 nec
1249 2512 1505 2562 oxymora,
1540 2511 1635 2542 nec
1669 2495 1890 2542 cacozela
1907 2495 2178 2543 iudicanda
2197 2506 2328 2544 sunt.
2365 2498 2471 2546 Aut
2504 2501 2639 2549 enim

193 2576 514 2627 inferioribus
548 2580 708 2641 dictis,
743 2589 830 2628 aut
861 2596 1011 2647 supra
1043 2579 1209 2646 positis
1241 2578 1523 2636 leniuntur;
1566 2583 1624 2621 ut
1658 2583 1730 2622 est
1764 2574 1915 2622 illud:
1990 2576 2211 2635 Vereor,
2247 2588 2307 2624 ut
2336 2577 2453 2637 hoc,
2501 2580 2643 2645 quod

190 2658 375 2717 dicam,
407 2661 621 2726 perinde
654 2661 874 2727 intelligi
900 2663 1068 2728 possit
1098 2660 1301 2718 auditu,
1343 2668 1497 2725 atque
1531 2675 1626 2724 ego
1661 2661 1766 2725 ipse
1787 2661 2020 2725 cogitans
2043 2662 2233 2721 sentio,·
2267 2659 2472 2719 etillud,
2494 2660 2638 2728 quod

190 2736 432 2803 sequitur,
467 2754 644 2787 verum
681 2755 785 2786 non
819 2745 1052 2787 tacent.“
1102 2737 1271 2788 Verba
1311 2755 1514 2798 vereor,
1553 2749 1612 2787 ut
1643 2738 1760 2797 hoc,
1795 2739 1933 2807 quod
1963 2740 2147 2797 dicam,
2166 2740 2381 2805 perinde
2416 2740 2640 2806 intelligi

191 2818 354 2883 possit
386 2818 591 2878 auditu,
644 2828 799 2886 atque
832 2835 927 2884 ego
961 2819 1072 2886 ipse
1105 2822 1338 2885 cogitans
1371 2821 1556 2877 sentio,
1610 2826 1661 2867 et
1695 2819 1981 2870 Victoriam
2013 2820 2173 2884 ipsam
2203 2820 2393 2867 vicisse
2443 2819 2639 2869 videris

198 2895 250 2941 in
282 2893 505 2942 oratione
539 2911 633 2962 pro
666 2896 738 2944 Μ.
773 2895 1018 2944 Marcello
1052 2896 1305 2963 leguntur,
1341 2897 1390 2958 S.
1432 2914 1503 2945 12.

187 3061 192 3064 Ι
326 2989 435 3035 Non
470 2989 679 3055 contigit
710 2987 834 3037 mihi
869 2991 1097 3055 quamvis
1129 3007 1399 3058 permagno
1437 2992 1603 3042 studio
1636 2996 1855 3044 nancisci
1889 3002 1976 3041 aut
2008 2994 2170 3060 legere
2201 2994 2477 3060 fragmenta
2508 3006 2645 3045 vete-

200 3087 318 3119 rum
364 3068 671 3118 scholiorum
715 3070 768 3117 in
800 3069 1181 3121 Marcellianam
1224 3074 1513 3135 orationem,
1566 3092 1695 3142 quae
1741 3092 1905 3139 nuper
1953 3074 2153 3122 inventa
2195 3083 2312 3122 sunt
2352 3074 2416 3123 ab
2450 3076 2647 3144 Angelo

227 3253 294 3296 24)
321 3249 383 3305 c‘f.
406 3253 507 3290 Brut.
535 3251 576 3289 C.
604 3256 664 3291 11.
693 3251 768 3296 „At
793 3253 860 3288 ille
885 3252 1022 3296 ridens,
1049 3264 1115 3289 suo
1142 3265 1248 3300 vero,
1284 3258 1420 3306 inquit,
1454 3256 1660 3301 arbitratum
1695 3255 1869 3303 quoniam
1903 3254 2054 3303 quidem
2094 3265 2306 3292 concessum
2343 3261 2401 3293 eut
2427 3256 2643 3294 rhetoribus

301 3313 472 3347 ementiri
512 3314 552 3346 in
580 3311 764 3354 historiis,
798 3317 840 3345 ut
866 3311 1011 3359 aliquid
1034 3309 1158 3346 dicere
1185 3316 1331 3360 possim
1353 3316 1553 3363 argutius.“
1580 3320 1620 3349 et
1641 3314 1694 3351 ib.
1721 3326 1754 3350 c.
1778 3313 1843 3351 ¹2.
1898 3312 2037 3361 „Quod
2062 3312 2258 3359 iudicaret,
2285 3314 2360 3352 hoc
2387 3316 2547 3354 oratoris
2564 3325 2641 3352 esse

302 3373 460 3410 maxime
485 3371 685 3421 proprium,
710 3381 788 3406 rem
814 3382 945 3419 augere
971 3382 1078 3420 posse
1104 3372 1308 3419 laudando,
1333 3373 1656 3424 vituperandoque
1682 3384 1804 3410 rursus
1830 3374 2034 3422 affligere.“
