3007 3888
0 0 86 29 φῦ(
116 3 118 5 >
290 12 302 22 .
384 12 387 14 -
404 0 492 22 was

273 104 508 169 xxxxv

232 202 264 239 a

620 302 622 304 ,
1021 251 1178 294 Adiuro
1205 248 1332 306 stygia·
1355 255 1474 302 ωριιε
1496 247 1940 301 mamuassm,
1971 272 1973 274 ψ
2118 265 2121 267 >
2439 226 2520 279 Ἃ...
2569 246 2741 286 ..Μ-...μ

117 351 143 363 ..
1032 324 1123 365 Una
1150 320 1364 376 superstitio
1389 319 1537 407 uzetia
1563 318 1980 372 quate-oddae&

272 405 465 455 Cicero
509 402 561 450 in
606 401 753 451 Verr.
804 400 892 463 lv,
943 403 1022 453 δι.
1057 400 1252 458 „Tanta
1285 395 1526 462 religione
1561 392 1802 442 obstricta
1834 401 1940 443 tota
1970 397 2234 462 provincia
2267 404 2355 456 est,
2396 401 2535 445 tanta
2573 406 2747 461 super.

276 483 412 534 stitio
447 498 510 530 ex
546 481 688 529 istius
723 479 858 529 facto
892 487 1086 529 mentes
1120 477 1348 526 omnium
1377 467 1669 544 Siculorum
1701 475 1994 542 occupavit,
2017 474 2480 557 utthuecumq'ue
2513 472 2749 527 accidant

270 562 478 632 publice
531 560 614 608 vel
652 561 891 627 privatim
935 556 1254 607 incommoda
1286 564 1495 622 propter
1525 572 1636 603 eam
1668 570 1872 604 causam
1903 554 2091 608 scelere
2115 558 2269 608 ⁴istius
2291 558 2506 610 ‚evenire
2534 546 2750 607 'videan-

278 651 416 694 tur.“
453 643 646 692 Contra
683 642 918 690 Horatius
953 639 1248 704 religionem
1280 652 1375 703 pro
1409 637 1773 704 superstoeione
1806 645 2020 704 usurpat
2049 636 2150 688 Sat.
2182 637 2223 699 1,
2255 655 2304 705 9.
2339 655 2419 708 7¹·

1394 726 1512 767 nulla
1540 724 1661 774 mihi,
1690 724 1883 780 inquam,

893 797 1078 852 Relligio
1108 802 1183 836 est.
1241 797 1298 835 At
1324 795 1406 835 miz
1437 810 1531 836 sum
1558 794 1704 851 paullo
1736 793 1963 848 infirmior,
1993 809 2104 838 unus

890 867 1151 907 Multorum:
1181 866 1399 921 ignosces:
1432 867 1532 907 alias
1561 868 1727 923 loquar.

282 954 359 1003 Ac
406 961 530 1020 puto
581 950 771 997 factum
820 961 938 1003 esse,
995 953 1053 991 ut
1115 946 1413 1010 superstitio
1468 962 1562 1012 pro
1616 946 1866 1012 religione
1920 943 2203 1007 diceretur,
2248 958 2516 1017 postquam
2560 952 2617 1012 ii,
2661 952 2750 1019 qui

283 1051 456 1101 sapere
492 1031 583 1079 sibi
620 1027 936 1083 videbantur,
948 1026 1247 1090 religionem
1279 1025 1595 1075 multitudini
1630 1027 1878 1093 assignare
1911 1035 2202 1093 coeperunt.
2236 1027 2414 1094 Itaque
2448 1031 2628 1085 Cicero
2648 1031 2750 1081 h.1.

282 1131 388 1163 non
422 1122 524 1161 tam
558 1126 660 1168 suo,
696 1124 852 1175 quam
888 1105 1053 1156 Clodii
1087 1106 1293 1155 nomine
1327 1109 1740 1174 superstitiosum
1773 1125 1867 1175 pro
1903 1108 2144 1174 religioso
2178 1107 2318 1169 dicit,
2337 1118 2490 1177 atque
2524 1110 2622 1161 hoc
2646 1113 2754 1179 ipso

282 1194 532 1246 vocabulo
567 1191 814 1257 insignem
828 1187 994 1237 Clodii
1031 1189 1338 1255 impietatem
1371 1197 1526 1249 notat,
1546 1190 1627 1239 cui
1663 1193 1826 1238 omnis
1858 1189 2042 1256 religio
2060 1189 2294 1240 videatur
2327 1195 2755 1259 esse-superstitio.

417 1290 473 1339 C.
510 1290 589 1355 57.
622 1287 783 1347 „Nam
817 1303 956 1335 nunc
990 1285 1214 1353 quidem,
1248 1285 1529 1345 Pontifices,
1564 1305 1669 1336 non
1701 1287 1867 1336 solum
1898 1286 2067 1348 domo,
2101 1272 2301 1356 deffua
2335 1289 2644 1356 cognoscitis,
2666 1288 2757 1338 sed

287 1382 390 1423 tota
422 1369 564 1420 Urbe
600 1385 762 1428 careo,
800 1369 852 1415 in
887 1385 1042 1433 quam
1073 1367 1253 1416 videor
1285 1385 1388 1416 esse
1424 1369 1697 1416 restitutus.
1732 1367 1886 1416 Unbis
1915 1346 2052 1417 {nim
2071 1369 2426 1418 celeberrimae
2447 1377 2498 1417 et
2512 1369 2756 1417 maximae

287 1461 452 1520 partes
488 1449 758 1499 adversum
794 1447 927 1497 illud
959 1466 1063 1497 non
1097 1458 1500 1506 monumentum,
1513 1448 1603 1496 sed
1618 1447 1804 1495 vulnus
1837 1450 2041 1514 patriae,
2059 1459 2388 1497 contuentur:
2426 1467 2581 1518 quem
2595 1465 2758 1517 quum

286 1532 410 1582 mihi
447 1538 774 1596 conspectum
807 1538 972 1578 morte
1004 1530 1164 1594 magis
1197 1528 1464 1577 vitandum
1496 1528 1900 1594 fugiendumque
1933 1529 2165 1590 videatis,
2200 1531 2371 1589 nolite,
2391 1546 2592 1597 quaeso,
2629 1546 2762 1590 eum,

291 1613 434 1661 cuius
469 1608 640 1659 reditu
675 1609 960 1658 restitutam
993 1609 1362 1679 rempublicam
1394 1609 1504 1658 fore
1539 1611 1764 1676 putastis,
1800 1627 1903 1658 non
1937 1611 2103 1661 solum
2145 1612 2400 1680 dignitatis
2442 1613 2761 1672 ornamentis,

290 1692 378 1742 sed
412 1693 564 1741 etiam
597 1691 752 1739 Urbis
785 1691 1014 1756 partibus
1047 1692 1176 1738 velle
1211 1709 1314 1738 esse
1337 1692 1644 1756 privatum.“

422 1773 559 1821 Haec
595 1792 623 1820 a
659 1772 887 1821 Gesnero
921 1781 1026 1819 tam
1058 1772 1314 1837 praeclare
1349 1771 1714 1828 defenduntur,
1749 1781 1807 1818 ut
1839 1773 2056 1821 verbum
2093 1774 2280 1823 addere
2314 1789 2418 1824 non
2452 1774 2663 1823 habeam
2677 1790 2763 1823 ne-

296 1871 442 1903 cesse.
472 1854 554 1902 Sic
590 1854 726 1901 enim
759 1861 1162 1920 argumentatur:
1217 1851 1420 1911 „Verba
1452 1869 1569 1898 nam
1602 1868 1743 1898 nunc
1775 1880 1843 1890 —
1876 1856 2148 1902 restitutus
2181 1872 2284 1904 non
2318 1855 2384 1904 ad
2416 1855 2646 1914 verbum,
2672 1853 2763 1904 sed

295 1935 455 2003 figura
492 1934 729 2002 quadam,
766 1934 902 1982 dicta
936 1950 1054 1991 esse,
1090 1948 1171 1980 res
1207 1933 1314 1998 ipsa
1348 1931 1552 1979 clamat:
1589 1930 1818 1999 loquitur
1837 1935 1972 1983 enim
2005 1935 2262 1986 inUrbeT
2266 1936 2430 1985 ullius.
2466 1935 2566 1986 Sed
2582 1953 2761 2003 nempe

297 2027 439 2065 caret
474 2034 530 2064 re
565 2016 750 2081 aliqua,
787 2014 875 2080 qui
912 2012 998 2061 illa
1032 2029 1136 2060 non
1165 2012 1381 2072 fruitur3
1417 2020 1553 2060 caret
1586 2012 1729 2071 urbe,
1767 2015 1854 2080 qui
1892 2032 1949 2061 ea
1983 2033 2085 2063 non
2119 2016 2324 2075 fruitur,
2368 2018 2455 2084 qui
2502 2016 2762 2066 discedere

297 2097 458 2154 malit,
497 2113 652 2162 quam
686 2094 857 2142 adesse
880 2103 973 2142 etc.
994 2093 1119 2140 Satis
1151 2092 1248 2140 hoc
1283 2091 1555 2149 declarant,
1571 2109 1699 2158 quae
1715 2103 2023 2159 sequuntur:
2067 2096 2221 2145 Urbis
2255 2100 2388 2145 enim
2415 2097 2768 2145 celeberrimae

299 2187 350 2224 et
382 2178 640 2223 maximae
669 2184 846 2241 partes
879 2172 1088 2240 (quibus
1124 2173 1213 2238 qui
1247 2180 1396 2231 caret,
1433 2171 1486 2223 h.
1519 2188 1578 2233 e.,
1613 2170 1841 2230 abstinet,
1876 2190 1940 2222 ne
1974 2172 2240 2240 adspectus
2281 2173 2510 2224 dolorem
2558 2182 2766 2227 moveats·

300 2267 403 2306 tota
437 2256 576 2305 Urbe
609 2254 817 2304 videtur
850 2254 1043 2319 carere)
1078 2253 1344 2305 adversum
1378 2252 1511 2301 illud
1539 2280 1606 2292 —
1640 2270 1750 2302 esse
1783 2253 2005 2303 videatis
2040 2262 2132 2303 etc.
2168 2254 2344 2303 Sermo
2379 2262 2453 2302 est
2488 2254 2551 2304 de
2572 2270 2770 2303 summo

301 2339 424 2396 cive,
462 2337 550 2404 qui
586 2341 639 2383 in
674 2337 803 2394 luce,
838 2337 890 2384 in
924 2334 1038 2383 foro
1071 2333 1258 2381 versari
1294 2332 1420 2391 vult,
1456 2333 1495 2380 si
1533 2333 1585 2380 in
1619 2333 1758 2381 Urbe
1792 2333 1868 2392 sit,
1905 2337 1995 2400 qui
2029 2350 2081 2382 se
2114 2328 2217 2384 non
2249 2342 2394 2400 putet
2427 2334 2480 2383 in
2494 2315 2634 2383 Urli'e
2650 2337 2767 2392 esse,

280 2418 495 2466 ,Urbem
526 2417 716 2476 videre,
752 2418 791 2465 si
828 2417 880 2464 in
911 2416 1024 2464 foro
1059 2430 1163 2463 esse
1197 2413 1304 2461 sine
1339 2430 1537 2462 summo
1572 2411 1747 2464 dolore
1783 2423 1832 2462 et
1866 2414 2141 2481 ignominia
2173 2432 2278 2464 non
2310 2415 2506 2464 liceat.“

437 2499 520 2546 IV.
560 2497 783 2560 Quartae
818 2494 1047 2551 orationi,
1084 2493 1148 2541 de
1183 2493 1524 2558 Haruspicum
1544 2494 1812 2559 responsis,
1841 2494 1999 2542 inesse
2030 2493 2276 2561 dicuntur
2308 2502 2382 2541 tot
2407 2508 2466 2540 ac
2489 2501 2590 2540 tam
2608 2493 2775 2560 inepta

300 2578 446 2626 anilis
481 2577 800 2643 loquacitatis
833 2575 1108 2640 specimina
1142 2572 1263 2635 (vid.
1300 2590 1341 2620 c.
1377 2574 1462 2636 8.),
1497 2583 1601 2620 tam
1634 2573 1877 2635 affectata,
1911 2572 2120 2640 puerilis
2158 2580 2208 2619 et
2235 2587 2418 2638 parum
2436 2569 2588 2619 latina
2615 2571 2774 2620 oratio

300 2665 366 2713 (c.
401 2672 449 2719 9.
483 2671 561 2702 20.
599 2655 667 2701 in.
704 2656 782 2704 24.
820 2661 945 2700 extr.
982 2659 1101 2718 27.),
1140 2649 1362 2716 denique
1399 2651 1551 2700 etiam
1583 2654 1694 2703 loca
1728 2672 1851 2704 cum
1884 2653 2163 2703 rationibus
2197 2669 2373 2703 rerum
2406 2659 2456 2700 et
2483 2659 2770 2717 temporum

304 2740 374 2788 sic
407 2739 699 2805 pugnantia,
735 2746 794 2785 ut
828 2738 898 2786 ita
929 2736 1011 2784 vel
1046 2736 1229 2784 dixisse
1262 2737 1342 2785 vel
1378 2740 1633 2804 scripsisse
1670 2741 1848 2789 Cicero
1882 2741 1969 2788 vix
2002 2740 2157 2807 possit
2191 2738 2477 2787 existimari.

437 2819 493 2868 C.
531 2824 577 2871 8.
610 2817 764 2878 „Vidi
801 2818 937 2867 enim
968 2817 1204 2866 hesterno
1239 2816 1320 2865 die
1355 2818 1632 2884 quemdam
1664 2830 2097 2870 murmurantem:
2134 2836 2289 2889 quem
2333 2817 2543 2886 agebant
2592 2833 2777 2887 negare

305 2902 437 2950 ferre
471 2920 554 2950 me
589 2918 747 2968 posse,
784 2902 918 2969 quia,
954 2917 1119 2969 quum
1153 2899 1216 2948 ab
1251 2899 1346 2950 hoc
1380 2898 1562 2950 eodem
1582 2901 1919 2967 impurissimo
1937 2901 2191 2970 parricida
2211 2917 2429 2968 rogarer,
2453 2901 2599 2950 cuius
2619 2915 2779 2949 essem

307 2984 530 3042 civitatis,
584 2983 842 3051 respondi,
899 2981 1233 3050 probantibus
1287 2991 1335 3030 et
1392 2981 1537 3032 vobis
1596 2989 1646 3029 et
1700 2980 1954 3048 equitibus
2006 2981 2257 3039 Romanis,
2314 2979 2419 3027 eius
2481 2995 2600 3036 esse,
2648 2991 2779 3042 quae

314 3083 481 3115 carere
536 3084 618 3115 me
664 3083 768 3116 non
813 3067 1071 3133 potuisset.
1140 3064 1247 3123 Ille,
1299 3074 1357 3113 ut
1413 3063 1608 3130 opinor,
1665 3061 1920 3126 ingemuit.
1990 3060 2134 3123 Quid
2188 3061 2341 3126 igitur
2386 3053 2782 3123 responderem?

317 3162 503 3212 quaero
540 3165 602 3196 ex
640 3164 699 3196 eo
740 3148 862 3214 ipso,
897 3148 986 3215 qui
1020 3146 1155 3197 ferre
1190 3162 1272 3194 me
1305 3161 1409 3195 non
1460 3151 1636 3212 potest.
1680 3142 1765 3191 Me
1811 3141 1972 3190 civem
2023 3157 2126 3189 esse
2179 3135 2493 3188 Romanum?
2542 3134 2782 3183 Litterate

316 3227 697 3291 respondissem.
735 3228 1054 3277 Tacuissem?
1083 3229 1353 3276 Desertum
1387 3226 1659 3292 negotium.
1694 3223 2164 3290 Potesffssqquisquam
2195 3221 2290 3278 vir,
2325 3219 2379 3266 in
2411 3215 2565 3265 rebus
2589 3213 2784 3280 magnis

320 3322 441 3355 cum
459 3306 646 3357 invidia
661 3317 901 3369 versatuS,
923 3307 1038 3357 satis
1050 3307 1268 3374 graviter
1286 3314 1462 3357 contra
1477 3302 1667 3354 inimici
1686 3299 2044 3351 contumeliam
2059 3299 2165 3348 sine
2180 3313 2270 3347 sua
2278 3293 2430 3345 laude
2449 3288 2784 3357 respondere?
