3007 3888
270 138 417 189 ΧΧ.

272 265 553 335 praedicat3
589 273 757 313 tamen
773 264 903 324 vide,
940 265 1165 326 obsecro,
1203 283 1356 334 quam
1379 267 1674 317 incredibile
1708 270 1784 327 sit,
1801 245 2074 336 germinas,
2091 287 2216 342 quas
2227 273 2299 325 illi
2320 273 2606 336 habuerint,
2623 290 2733 327 ora-

272 350 435 398 tiones
469 366 498 396 a
517 346 691 396 Servio
707 353 757 394 et
774 346 882 396 eius
901 347 1196 413 aequalibus
1212 348 1313 406 26),
1337 347 1423 413 qui
1442 363 1562 396 cum
1579 345 1847 398 Rufiniano
1865 357 1915 398 et
1937 350 2240 406 Mamertino
2261 356 2314 406 in
2332 355 2511 407 eodem
2529 356 2733 409 saeculo

275 430 533 487 vixerunt,
550 444 670 476 cum
685 428 871 495 spuriis
890 436 941 477 et
964 427 1229 477 subditivis
1247 425 1553 477 orationibus
1578 425 1744 477 subito
1761 438 2089 481 commutatas
2114 451 2244 498 esse3
2265 453 2426 505 quum
2436 438 2736 506 praesertim

275 524 441 574 neque
464 507 683 573 scriptor
700 506 837 555 ullus
863 514 1223 556 commemoret
1242 504 1486 554 eiusmodi
1499 503 1909 566 declamationes,
1938 523 2070 575 quae
2094 512 2147 561 in
2172 513 2343 567 locum
2375 518 2737 568 Tullianarum.

273 589 563 638 orationum
581 588 817 638 substitui
834 589 1104 656 potuerint,
1117 604 1210 635 nec
1224 585 1321 635 dici
1344 593 1507 650 queat,
1521 601 1624 651 quo
1641 586 1880 654 singulari
1898 604 2015 638 casu
2027 589 2207 644 harum
2224 599 2391 647 omnia
2412 575 2651 666 extempl&
2674 599 2729 647 in

276 686 473 720 summa
485 669 698 737 quidem
707 669 992 736 frequentia
1005 665 1423 716 bibliothecarum
1434 680 1492 712 ac
1502 665 1721 714 maximo
1733 666 1901 717 studio
1912 668 2109 737 legendi
2124 673 2454 746 imitandique
2463 678 2733 736 Ciceronis,

275 753 544 801 interemta
565 753 678 801 sint.
714 751 840 800 Nam
858 750 910 798 id
929 750 1135 797 minime
1151 764 1340 805 vereor,
1359 762 1423 793 ne
1441 745 1523 794 cui
1537 745 1588 792 in
1604 754 1825 795 mentem
1834 750 2014 807 veniat,
2032 759 2142 802 tum
2160 769 2321 822 quum
2336 765 2536 824 possent
2548 758 2731 806 utrius,

276 846 378 897 que
398 831 615 879 auctoris
632 830 814 895 scripta
828 827 1120 892 comparari,
1133 824 1411 872 scholastici
1425 823 1771 872 declamatoris
1783 824 1946 874 foetus
1963 842 2081 875 cum
2094 835 2521 895 praestantissimis
2532 833 2731 883 Cicero,

278 914 356 960 nis
377 910 686 960 orationibus
706 906 937 956 confusos
959 920 1075 952 esse.
1095 901 1243 950 Adde
1266 901 1606 951 infirmitatem
1621 905 1916 969 argumenti,
1948 921 2051 971 quo
2083 909 2265 958 nititur
2285 913 2370 961 illa
2380 911 2550 964 Wolfii
2566 913 2732 960 conie-

284 1000 442 1039 ctura.
464 988 588 1037 Nam
595 983 867 1053 probabilis
879 984 982 1032 visa
1002 990 1076 1031 est
1087 983 1543 1049 accusatori,quum
1554 982 1688 1033 locos
1703 1001 1731 1032 a
1741 982 2163 1051 Pediano,Aquila
2172 995 2222 1034 et
2230 987 2495 1038 Rufiniano
2508 1006 2569 1038 ex
2585 997 2728 1038 oran,

282 1086 375 1135 pro
397 1066 549 1114 domo
567 1074 615 1112 et
637 1063 699 1111 de
720 1061 1055 1126 Haruspicum
1074 1061 1320 1125 responsis
1345 1060 1518 1112 allatos
1542 1063 1880 1113 consideraret
1895 1072 1943 1113 et
1967 1081 2086 1112 cum
2104 1067 2255 1112 textu'
2272 1074 2445 1115 nostro
2465 1065 2731 1116 conferret,

278 1153 457 1217 Itaque
474 1155 678 1213 propter
716 1143 1116 1207 discrepantiam,
1149 1160 1302 1207 quam
1332 1143 1464 1190 inter
1491 1145 1601 1192 illos
1629 1146 1765 1192 locos
1803 1154 1852 1191 et
1880 1154 2072 1191 nostras
2102 1143 2348 1191 orationes
2384 1143 2731 1210 deprehendit,

280 1229 397 1277 alias
415 1226 579 1281 fuisse,
596 1240 657 1269 ex
674 1220 860 1287 quibus
880 1219 951 1266 illi
970 1228 1277 1285 peterentur,
1299 1222 1547 1270 orationes
1559 1219 1789 1271 =coniecit.
1813 1222 1987 1287 Neque
2009 1221 2193 1269 iniuria
2212 1219 2266 1268 id
2280 1220 2481 1280 faceret,
2503 1223 2543 1271 si
2565 1225 2733 1274 minor

280 1317 404 1357 esset
417 1305 748 1369 discrepantia
765 1303 895 1349 inter
910 1302 1046 1348 locos
1063 1301 1275 1348 aliarum
1291 1303 1483 1350 oration
1490 1321 1577 1350 um
1589 1303 1650 1350 ab
1669 1302 1846 1350 iisdem
1859 1302 2187 1373 scriptoribus
2200 1302 2371 1351 allatos
2391 1311 2441 1349 et
2451 1303 2584 1351 inter
2603 1305 2731 1370 ipsas

277 1387 381 1435 illas
400 1383 661 1431 orationes.
696 1379 890 1427 Verum
918 1377 1066 1434 istud,
1088 1395 1191 1443 quo
1208 1378 1360 1434 modo
1382 1395 1433 1426 se
1454 1379 1644 1437 habeat,
1658 1388 1707 1427 et
1725 1398 1879 1445 quam
1894 1378 2069 1428 Wolfii
2089 1380 2377 1427 coniectura
2396 1382 2721 1447 praecipitata

277 1466 354 1523 sit,
393 1462 447 1510 id
476 1460 681 1508 minime
719 1456 936 1504 dubium
969 1454 1223 1520 relinquet
1239 1465 1472 1504 accurata
1493 1457 1734 1505 similium
1755 1456 2102 1522 exemplorum
2127 1457 2473 1516 consideratio,
2510 1478 2731 1526 quorum

278 1562 439 1593 unum
472 1541 762 1595 alterumve,
800 1535 942 1603 quod
975 1543 1132 1582 exstat
1165 1535 1302 1601 apud
1336 1536 1576 1602 Aquilam
1609 1539 1922 1594 Romanum,
1961 1554 2022 1584 ex
2057 1554 2159 1603 quo
2193 1537 2257 1585 de
2292 1537 2511 1587 Pediano
2547 1549 2596 1587 et
2628 1542 2730 1588 Ru-

277 1625 460 1673 finiano
504 1620 684 1668 coniici
739 1626 925 1684 potest,
982 1615 1078 1664 hoc
1122 1616 1233 1663 loco
1280 1617 1332 1663 in
1377 1617 1606 1665 medium
1648 1617 1824 1665 afferre
1876 1616 2056 1682 placet.
2123 1618 2291 1666 Verba
2334 1619 2589 1668 Ciceronis
2637 1637 2731 1686 pro

277 1705 482 1763 Milone,
518 1719 559 1750 c.
598 1717 701 1766 27.,
738 1699 800 1747 de
836 1714 959 1763 qua,
1004 1698 1052 1743 si
1086 1698 1186 1743 iam
1218 1696 1402 1745 nollem
1435 1699 1506 1744 ita
1539 1697 1736 1746 diluere
1770 1700 1983 1755 crimen,
2020 1708 2078 1745 ut
2110 1698 2270 1756 dilui,
2329 1709 2496 1749 tamen
2529 1703 2731 1766 impune

284 1786 481 1841 Miloni,
511 1782 682 1848 palam
701 1780 923 1828 clamare
955 1786 1109 1843 atque
1144 1779 1349 1824 mentiri
1381 1775 1603 1841 gloriose
1637 1777 1835 1833 liceret,
1865 1775 2002 1841 apud
2021 1776 2259 1842 Aquilam
2293 1777 2390 1827 hoc
2423 1779 2577 1828 modo
2606 1797 2782 1831 con-..e

279 1863 565 1920 trahuntur,
598 1879 647 1927 p.
693 1860 796 1923 149.
871 1857 1068 1921 Quodsi
1102 1872 1206 1903 non
1235 1873 1435 1921 possem
1469 1856 1666 1904 diluere
1709 1858 1935 1913 crimen,
1986 1866 2044 1903 ut
2076 1857 2249 1916 dilui,
2306 1867 2472 1907 tamen
2514 1860 2735 1924 gloriose

278 1944 401 1993 haec
450 1944 757 2011 praedicare
806 1939 991 1988 Miloni
1026 1937 1216 1984 liceret,
1285 1936 1425 1994 Item,
1462 1937 1550 2003 qui
1584 1935 1723 1983 locus
1758 1935 1894 2001 apud
1928 1936 2165 2001 Aquilam
2199 1939 2269 1987 sic
2303 1938 2498 2004 legitur,
2535 1957 2580 2006 p,
2624 1941 2733 2000 χ46,4

284 2027 424 2090 Quid
460 2025 584 2070 Sex.
623 2018 884 2069 Naevius?
916 2017 1069 2064 Ridet
1103 2024 1328 2062 nostram
1361 2017 1630 2063 amentiam
1661 2016 1886 2072 scilicet,
1920 2034 2077 2082 quum
2108 2019 2171 2066 ab
2206 2037 2263 2067 eo
2298 2019 2468 2087 officia
2488 2020 2607 2068 boni
2627 2024 2733 2069 viri

280 2102 642 2151 desideramus.
679 2098 746 2144 Et
779 2093 1197 2162 quemadmodum
1230 2102 1404 2149 natus,
1438 2096 1619 2160 inquit,
1655 2102 1704 2140 et
1737 2095 2152 2158 quemadmodum
2186 2098 2434 2146 educatus
2467 2117 2599 2156 sum,
2634 2117 2731 2148 me-

278 2185 418 2231 mini.
458 2182 625 2229 Vetus
659 2189 756 2235 est,
781 2177 844 2225 de
860 2192 1048 2223 scurra
1063 2174 1264 2222 divitem
1285 2171 1534 2237 facilius,
1570 2194 1722 2241 quam
1736 2186 1934 2241 patrem
1954 2177 2196 2243 familias
2217 2180 2345 2243 fieri
2373 2198 2553 2246 posse:
2590 2182 2727 2247 apud

277 2263 574 2311 Ciceronem
606 2258 805 2325 plenior
839 2266 926 2313 est,
961 2271 1055 2319 pro
1093 2251 1319 2314 Quintio,
1353 2270 1394 2299 c.
1439 2273 1508 2321 17.
1567 2256 1705 2320 Quid
1735 2258 1802 2305 ad
1833 2257 1960 2306 haec
1994 2259 2259 2308 Naevius?
2320 2262 2473 2309 Ridet
2508 2273 2734 2310 nostram

276 2346 569 2399 amentiam,
605 2343 698 2407 qui
732 2342 786 2387 in
818 2340 931 2385 vita
965 2353 1060 2382 sua
1081 2337 1327 2382 rationem
1347 2338 1530 2383 summi
1563 2335 1733 2402 officii
1763 2338 2124 2399 desideremus,
2160 2350 2210 2388 et
2231 2343 2467 2390 instituta
2489 2341 2735 2391 honorum

276 2425 513 2470 virorum
548 2420 895 2486 requiramus?
927 2415 1069 2481 Quid
1097 2413 1237 2472 mihi,
1275 2418 1462 2482 inquit,
1499 2433 1614 2465 cum
1648 2419 1745 2465 ista
1765 2435 1958 2466 summa
1979 2421 2313 2468 sanctimonia
2348 2436 2411 2468 ac
2432 2420 2734 2485 diligentia?

281 2500 546 2560 Viderint,
583 2502 773 2566 inquit,
811 2498 898 2547 illa
920 2497 1090 2566 officia
1109 2499 1215 2545 viri
1246 2496 1388 2545 boni:
1425 2498 1487 2545 de
1519 2514 1596 2546 me
1631 2507 1800 2546 autem
1834 2500 1907 2547 ita
1941 2499 2265 2547 considerent
2277 2517 2318 2560 .·,,
2348 2517 2450 2548 non
2493 2501 2621 2566 quid
2650 2500 2735 2549 ha-

274 2581 437 2640 beam,
473 2581 565 2630 sed
595 2579 784 2647 quibus
820 2578 974 2626 rebus
1006 2579 1299 2634 invenerim,
1334 2587 1599 2644 quaerant.
1652 2578 1718 2625 Et
1750 2579 2169 2645 quemadmodum
2190 2588 2365 2638 natus,
2397 2588 2447 2627 et
2465 2596 2566 2646 quo
2580 2591 2734 2647 pacto

275 2663 526 2711 educatus
557 2664 674 2719 sim,
718 2661 935 2709 memini.
988 2658 1154 2708 Vetus
1188 2667 1284 2715 est,
1316 2658 1376 2705 de
1408 2673 1593 2705 scurra
1627 2657 1785 2706 multo
1806 2657 2036 2724 facilius
2069 2660 2295 2718 divitem,
2346 2677 2499 2726 quam
2538 2670 2737 2727 patrem

262 2749 502 2815 familias
523 2748 655 2813 fieri
678 2751 845 2813 po'sse.
900 2745 1133 2811 Denique
1184 2742 1356 2793 Cicero
1402 2744 1454 2792 in
1495 2744 1640 2794 Verr.
1677 2744 1740 2803 II,
1784 2761 1855 2793 xo.
1893 2745 1983 2793 ait:
2040 2745 2257 2795 Comites
2299 2744 2377 2794 illi
2421 2746 2499 2792 tui
2531 2743 2733 2801 delecti,

273 2845 453 2874 manus
469 2836 617 2874 erant
637 2836 784 2874 tuae:
819 2823 1104 2891 praefecti,
1127 2821 1343 2880 scribae,
1383 2823 1590 2882 medici,
1628 2827 1853 2882 accensi,
1905 2824 2226 2890 haruspices,
2260 2839 2544 2891 praecones
2581 2830 2734 2871 erant

276 2926 456 2955 manus
490 2918 624 2955 tuae.
692 2907 760 2956 Ut
794 2907 1027 2971 quisquex
1050 2913 1100 2951 te
1135 2907 1354 2951 maxime
1388 2906 1766 2953 necessitudine
1807 2906 1983 2972 aliqua
2027 2900 2340 2970 attingebat,
2395 2906 2466 2952 ita
2510 2905 2735 2952 maxime

277 3006 454 3035 manus
489 2998 579 3035 tua
610 2984 897 3053 putabatur
905 3002 924 3042 ,·
960 2982 1108 3029 aliter
1141 2979 1292 3028 habet
1309 2981 1508 3047 Aquila,
1544 3000 1594 3048 p.
1645 2984 1746 3030 160.
1791 2983 2008 3031 Comites
2040 2983 2117 3030 illi
2148 2983 2335 3032 delecti
2368 2999 2551 3039 manus
2585 2990 2733 3028 erant

280 3075 409 3112 tuae.
454 3066 523 3113 Ut
555 3065 793 3131 quisquis
827 3071 876 3109 te
887 3060 1260 3126 familiaritate
1279 3064 1543 3126 attigerat,
1580 3061 1651 3107 ita
1677 3062 1899 3108 maxime
1927 3076 2109 3107 manus
2133 3070 2223 3107 tua
2237 3057 2533 3124 putabatur.

406 3147 573 3191 Tertia
605 3161 719 3211 pars
754 3152 952 3189 nostrae
989 3141 1336 3208 disputationis
1371 3143 1424 3188 in
1459 3138 1770 3206 depellendis
1806 3137 2119 3193 criminibus,
2159 3154 2288 3201 quae
2327 3136 2508 3182 iniecta
2543 3132 2731 3179 suntin

277 3225 405 3289 ipsas
437 3226 695 3280 orationes,
732 3221 1029 3270 versabitur.
1070 3220 1246 3282 Quum
1287 3238 1405 3269 vero
1440 3229 1544 3266 tam
1579 3234 1788 3282 magnus
1823 3217 1884 3264 sit
1935 3233 2179 3264 numerus
2226 3210 2730 3269 animadversionum,

275 3356 342 3398 26)
373 3353 476 3391 Ἤδη
505 3355 620 3393 Wolf.
650 3355 695 3389 ad
725 3361 816 3392 orat.
844 3367 880 3401 p.
910 3355 1034 3399 domo,
1064 3367 1096 3395 c,
1127 3358 1190 3395 52,
