3007 3888
2508 60 2717 174 XXV?

206 252 369 301 fessus
427 259 524 311 est,
572 260 623 301 et
663 267 716 301 se
761 251 969 301 illorum
1009 252 1163 302 vitam
1205 251 1506 309 desiderare,
1542 259 1592 299 et
1625 266 1806 318 magno
1841 252 1895 300 in
1928 252 2156 319 periculo
2190 251 2559 320 rempublicam
2590 254 2670 303 fu-

152 377 157 380 ,
208 334 390 386 turam,
418 331 566 376 siant
579 330 745 380 hostes
758 331 912 396 ‘atque
930 330 1274 378 interfectooes
1289 327 1596 395 reipublicae
1618 329 1924 387 revixissent,
1954 338 2041 377 aut
2067 346 2155 396 ego
2179 346 2283 378 non
2301 330 2668 380 revertissem.“

339 408 628 468 Trimsunt,
662 406 831 460 iudice
861 407 1060 470 Beekio,
1096 408 1149 456 in
1183 405 1233 454 h.
1267 406 1301 454 1.
1338 406 1583 455 obscura:
1626 413 1674 463 ι)
1709 423 1812 473 quo
1847 408 1959 454 iure
1991 408 2075 454 illa
2108 409 2189 456 lex
2206 426 2310 457 non
2328 408 2392 458 de
2405 409 2666 468 Cicerone,

208 484 301 536 sed
335 483 400 534 de
435 483 572 535 Coss.
617 483 717 537 lata
747 477 969 547 dicatur-3
1031 488 1082 548 2)
1137 483 1397 549 quomodo
1450 483 1574 530 baec
1623 483 1779 530 verba
1833 485 1928 551 legi
1985 504 2014 532 a
2071 486 2250 536 Clodio
2311 492 2664 559 promulgatae

201 563 421 614 adscribi
438 563 654 630 possint3
688 564 740 628 3)
760 579 916 631 quem
932 578 1137 612 sensum
1152 558 1480 609 commodum
1498 560 1717 608 fundant
1739 563 1850 633 illae
1885 567 2131 625 argutiam
2168 570 2215 616 ,ςῑ
2247 579 2337 617 aut
2380 570 2443 620 [ιο
2445 582 2552 620 stes
2576 588 2655 620 re,

210 646 480 700 vixissent,
515 652 608 690 aut
641 659 738 708 ego
773 659 878 689 non
912 645 1241 690 revertissem.

344 722 663 770 Manifestum
696 730 792 779 est,
834 720 884 766 b.
925 719 960 768 l.
1001 719 1159 768 facete
1204 730 1255 769 et
1296 722 1539 770 invidiose
1582 723 1723 784 loqui
1744 722 2036 775 Oratorem,
2078 735 2246 782 quum
2291 723 2453 783 prima
2497 725 2663 772 statim

204 800 359 851 verba
389 818 483 867 per
516 798 898 848 ironiamdicta
932 816 1057 855 esse,
1092 813 1242 845 nemo
1276 814 1382 845 non
1415 798 1671 863 intelligat.
1751 797 1927 864 Neque
1963 798 2115 863 igitur
2149 799 2201 845 in
2236 802 2563 862 sequentibus
2590 814 2664 844 eet

204 880 510 938 mirandum,
545 877 688 945 quod
722 878 916 937 Cicero,
951 877 1311 927 contumeliose
1346 878 1698 944 interpretatus
1732 877 1897 926 Clodii
1934 878 2110 937 verba,
2147 878 2278 945 lege,
2318 894 2419 944 qua
2454 886 2661 926 cautum

206 971 326 1020 erat,
361 977 425 1008 ne
454 961 568 1026 quis
601 959 665 1008 de
699 958 983 1008 revocando
1016 959 1260 1008 Cicerone
1294 959 1347 1006 in
1380 959 1565 1006 Senatu
1600 959 1834 1017 referret,
1873 959 2114 1008 Consules
2161 959 2442 1007 insimulari
2498 957 2662 1006 hostes

206 1055 309 1088 esse
342 1039 646 1105 reipublicae
690 1041 945 1106 ipsamque
992 1040 1154 1104 legem
1187 1039 1250 1087 de
1286 1038 1464 1086 iisdem
1496 1055 1597 1085 esse
1632 1039 1797 1096 latam,
1832 1038 2088 1103 significat.
2124 1040 2505 1104 Argumentatio
2540 1038 2661 1086 haec

205 1116 331 1167 mihi
364 1116 568 1166 videtur
600 1116 815 1166 subesse.
850 1118 931 1165 Ex
948 1117 1186 1176 clausula,
1220 1120 1268 1166 si
1301 1120 1606 1167 revixissent
1640 1120 1699 1175 ii,
1717 1126 1907 1162 —tum
1928 1133 2023 1181 ego
2041 1118 2282 1173 redirem,
2317 1131 2419 1181 qua
2442 1115 2650 1164 Clodius

207 1196 407 1248 volebat
424 1196 706 1265 prohibere,
730 1215 798 1245 ne
818 1197 1017 1246 Tullius
1037 1214 1281 1263 umquam
1306 1196 1494 1246 rediret
1515 1202 1612 1266 27),
1648 1198 1729 1246 hic
1752 1199 1818 1245 ita
1836 1199 2202 1263 interpretatus,
2239 1198 2381 1264 quasi
2414 1199 2659 1246 sententia

209 1291 361 1332 essct:
397 1298 501 1329 non
520 1270 688 1347 fore,
733 1290 791 1328 ut
836 1283 945 1347 ipse
985 1282 1204 1338 rediret,
1247 1281 1342 1328 nisi
1387 1282 1441 1327 in
1482 1281 1637 1328 vitam
1679 1281 1898 1327 revocati
1946 1288 2107 1327 essent
2152 1279 2396 1328 Catilinae
2438 1282 2575 1339 socii,
2623 1298 2660 1328 s.

208 1375 500 1415 revocatum
532 1368 585 1415 in
618 1368 773 1415 vitam
806 1366 867 1414 iri
903 1365 1143 1415 Catilinae
1178 1365 1349 1422 socios,
1385 1364 1535 1413 simul
1568 1380 1626 1412 ac
1661 1364 1763 1430 ipse
1799 1363 2002 1423 rediret,
2037 1363 2380 1431 colligendum
2414 1384 2517 1415 esse
2540 1384 2659 1416 con-

206 1444 386 1504 tendit,
411 1447 658 1495 Consules
693 1446 966 1495 Gabinium
999 1456 1049 1494 et
1081 1447 1320 1495 Pisonem
1352 1464 1623 1511 germanos
1657 1464 1768 1495 esse
1802 1447 2070 1505 Lentulos,
2092 1465 2367 1512 germanos
2395 1448 2659 1514 Cethegos.

207 1520 291 1575 Illi
333 1527 468 1576 enim
509 1527 747 1576 simillimi
780 1535 926 1575 *erant
971 1525 1156 1584 horum
1199 1527 1486 1586 hominum,
1544 1527 1633 1592 qui
1684 1544 1841 1593 paene
1896 1526 2133 1576 delevisse
2177 1528 2546 1596 rempublicam
2590 1528 2667 1578 di-

210 1616 411 1655 cuntur.
499 1607 696 1670 Quare,
753 1608 792 1655 si
827 1624 1026 1656 necesse
1061 1616 1166 1655 erat
1201 1607 1462 1655 eerlodii
1497 1608 1689 1667 verbis,
1735 1618 1792 1656 ut
1832 1609 2073 1656 Catilinae
2122 1611 2242 1657 socii
2295 1612 2348 1657 in
2390 1612 2546 1659 vitam
2580 1629 2658 1659 re-

207 1696 540 1744 vocarentur,
590 1687 742 1734 simul
786 1703 844 1734 ac
878 1688 1057 1734 Cicero
1092 1687 1295 1744 rediret,
1330 1686 1457 1733 nihil
1490 1697 1596 1733 erat
1630 1688 1948 1734 verisimilius
1984 1698 2135 1753 atque
2152 1690 2478 1754 probabilius,
2509 1709 2665 1757 quam

206 1771 263 1810 ut
304 1764 357 1810 in
390 1763 693 1811 Consulibus
728 1763 799 1810 illi
823 1764 1070 1811 »revixisse
1104 1773 1418 1829 putarentur,
1464 1780 1626 1829 quum
1671 1764 1850 1812 Cicero
1907 1767 2166 1815 restitutus
2218 1777 2357 1815 esset.
2428 1772 2667 1820 Monebat

211 1858 327 1909 ergo
362 1841 444 1890 lex
477 1840 643 1889 Clodii
691 1840 953 1899 ConsuleS,
988 1849 1110 1888 utne
1145 1842 1444 1890 Ciceronem
1477 1844 1700 1891 revocari
1736 1852 2030 1909 paterentur
2050 1883 2063 1903 ‚
2099 1846 2293 1896 nedum
2336 1849 2427 1914 ipsi
2473 1850 2664 1900 referre

208 1922 272 1970 de
314 1921 626 1969 restituendo
672 1921 914 1969 Cicerone
951 1930 1282 1982 conarentur;
1318 1932 1467 1989 atque
1503 1922 1625 1972 haec
1661 1941 1808 1971 causa
1843 1935 1930 1983 est,
1975 1943 2069 1974 cur
2110 1927 2173 1974 de
2224 1929 2528 1979 Consulibus
2572 1934 2663 1980 ista
2716 1927 2720 1930 ⁴

207 2002 291 2050 lex
321 2019 424 2051 esse
474 2003 573 2050 lata
626 2002 837 2053 dicatur.
893 2004 1060 2054 Verba
1108 2007 1202 2072 qui
1241 2005 1366 2054 haec
1403 2023 1568 2072 paene
1610 2008 1848 2055 delerant
1897 2008 1959 2056 ab
1997 2008 2208 2058 Oratore
2250 2029 2341 2059 suo
2379 2015 2581 2061 nomine
2618 2025 2667 2062 et

209 2082 401 2131 iudicio
434 2082 700 2130 substituta
733 2092 852 2129 sunt
907 2083 958 2129 in
1001 2101 1180 2133 eorum
1232 2083 1417 2143 locum,
1469 2088 1655 2153 quibus
1709 2088 1918 2137 Clodius
1974 2077 2181 2137 fortasse
2242 2109 2361 2139 usus
2397 2103 2530 2141 erat:
2575 2099 2666 2162 qui

211 2162 490 2211 indemnati
521 2179 552 2210 a
590 2161 834 2210 Cicerone
868 2162 1136 2229 interfecti
1166 2174 1302 2212 sunt.
1372 2167 1447 2215 Ita
1480 2168 1716 2217 Horatius
1751 2170 1803 2217 in
1836 2170 1993 2236 Epist.
2033 2170 2072 2228 1,
2107 2187 2152 2232 2,
2186 2188 2233 2236 9.
2272 2189 2345 2239 sq.

861 2243 1082 2297 (dntenor
1110 2249 1258 2283 censet
1286 2245 1390 2286 belli
1419 2249 1675 2302 praecidere
1706 2263 1877 2289 causam

855 2303 971 2353 Quid
999 2304 1148 2347 Paris?
1173 2312 1222 2345 ut
1249 2308 1385 2348 salvus
1415 2317 1569 2365 regnet
1600 2312 1800 2365 vivatque
1831 2312 1996 2364 beatus,

857 2364 962 2418 Cogi
993 2379 1117 2418 posse
1150 2370 1312 2420 negat.)

205 2449 296 2483 suo
338 2431 540 2481 nomine
594 2432 741 2481 dicit:
788 2441 845 2479 ut
886 2433 1056 2483 salvus
1094 2445 1275 2499 regnet
1312 2440 1563 2506 vivatque
1599 2443 1809 2502 beatus,
1854 2463 2017 2510 quum
2059 2466 2121 2494 ex
2168 2452 2413 2499 sententia
2463 2452 2656 2501 Paridis

210 2511 486 2561 dicendum
502 2520 642 2560 esset:
678 2523 736 2560 ut
768 2513 1013 2561 Helenam
1034 2513 1212 2562 reddat
1243 2517 1492 2567 Menelao.
1527 2520 1675 2569 Adde
1712 2522 1815 2570 Cic.
1851 2542 1944 2589 pro
1978 2525 2126 2584 Sext„
2162 2529 2211 2587 S.
2255 2545 2332 2592 29.
2352 2530 2660 2597 „edixitque,

209 2601 266 2640 ut
299 2592 361 2640 ab
396 2593 523 2643 urbe
557 2593 749 2641 abesset
781 2594 938 2642 millia
970 2611 1207 2661 passuum
1242 2595 1483 2657 ducenta,
1531 2600 1674 2666 quod
1717 2612 1842 2650 esset
1885 2621 2033 2652 ausus
2065 2622 2159 2671 pro
2204 2608 2335 2668 cive,
2387 2626 2480 2675 pro
2533 2610 2663 2659 bene

205 2674 384 2722 merito
419 2677 542 2733 cive,
577 2692 672 2741 pro
706 2676 889 2734 amico,
934 2693 1028 2742 pro
1071 2677 1329 2744 republica
1372 2678 1683 2746 deprecari.“
1717 2694 1766 2732 et
1808 2684 1870 2733 de
1915 2704 2054 2752 prov.
2102 2688 2264 2749 Cons.,
2311 2693 2361 2752 5.
2408 2710 2477 2739 12.
2512 2695 2662 2752 „Piso

208 2762 376 2800 autem
409 2754 506 2802 alio
542 2754 766 2819 quodam
797 2755 950 2803 modo
985 2757 1246 2822 gloriatur,
1296 2775 1347 2806 se
1394 2759 1535 2808 brevi
1569 2771 1796 2829 tempore
1838 2767 2132 2831 perfecisse,
2188 2787 2251 2816 ne
2297 2771 2352 2818 C.
2404 2772 2653 2822 Gabinius

204 2849 336 2880 unus
370 2833 598 2882 omnium
631 2834 965 2899 nequissimus
1000 2836 1381 2885 existimaretur.
1416 2839 1648 2907 Denique
1682 2846 1918 2910 argutiae:
1955 2849 2002 2894 si
2019 2857 2110 2894 aut
2129 2848 2297 2896 hostes
2322 2853 2661 2910 revixissent,

207 2922 299 2959 aut
327 2929 422 2978 ego
455 2930 558 2961 non
593 2916 946 2972 revertissem,
987 2913 1125 2965 idem
1164 2916 1271 2966 fere
1313 2919 1612 2986 significant,
1658 2940 1716 2971 ac
1751 2925 1790 2973 si
1826 2924 2054 2974 dixisset:
2104 2929 2159 2975 in
2192 2931 2386 2977 minore
2419 2932 2657 2997 periculo

209 3047 276 3090 27)
303 3046 483 3082 Similiter
509 3047 601 3086 Hor.
627 3048 744 3095 Epod.
772 3049 868 3092 XVI,
897 3050 961 3087 25.
987 3062 1045 3097 sq.

880 3114 985 3157 „Sed
1010 3116 1171 3152 iuremus
1197 3118 1237 3152 in
1260 3116 1369 3152 haee:
1400 3117 1516 3155 simut
1543 3121 1626 3156 imis
1654 3134 1741 3158 saxa
1770 3125 1933 3158 renarint

881 3173 995 3218 Vadis
1022 3175 1157 3220 levata,
1185 3188 1233 3212 ne
1260 3177 1378 3213 redire
1405 3180 1454 3215 sit
1479 3181 1619 3215 nefas.“
1648 3188 1719 3220 etc.

261 3237 318 3272 De
345 3237 561 3274 conditione
588 3240 666 3287 ipsa
693 3240 855 3276 conferri
879 3246 1005 3288 potest
1026 3253 1080 3280 or.
1106 3254 1174 3289 pro
1202 3245 1355 3287 Milone,
1385 3256 1414 3281 c.
1480 3248 1540 3284 29.
1572 3246 1745 3292 „Fingite
1773 3248 1885 3292 igitur
1912 3248 2142 3293 cogitatione
2166 3249 2365 3296 imaginem
2391 3250 2503 3286 huius
2533 3252 2662 3288 condi-

365 3299 483 3334 tionis
507 3310 621 3343 meae,
642 3302 673 3335 ui
698 3303 837 3347 possim
863 3301 1022 3344 efficere,
1049 3306 1093 3336 ut.
1119 3303 1300 3341 Milonem
1326 3304 1540 3346 absolvatis,
1564 3306 1630 3339 ned
1657 3308 1722 3348 ita,
1751 3309 1783 3341 si
1810 3308 1850 3344 P.
1879 3307 2029 3341 Clodius
2057 3309 2275 3346 revixerit.“

2203 3359 2235 3407 4

201 3432 267 3496 ἃ.
