3007 3888
2567 169 2678 219 vu

213 302 396 361 uret?
424 299 696 379 Orationis
691 312 882 367 autem,
904 319 1036 374 quae
1065 318 1206 376 nunc
1238 304 1435 400 legitur,
1468 312 1583 373 post
1615 302 1885 355 reditum'
1873 319 1926 351 ιιι
1955 300 2157 358 Senatu,
2185 316 2289 349 non
2321 296 2488 384 mod&
2510 305 2675 348 totum

222 386 592 459 argumentum,
627 383 731 434 sed
750 377 930 454 singuli
965 385 1115 435 etiam
1145 385 1243 436 loci
1343 396 1398 434 m
1431 385 1531 446 illa,
1553 385 1699 449 cuius
1727 384 1917 433 mentio
1941 381 1998 431 fit
2015 379 2154 449 apud
2178 380 2490 442 Ciceronem,
2524 377 2675 444 plane

223 463 558 528 coffsentiunt,
609 457 856 534 quantum
898 465 1107 535 quidem
1148 465 1204 516 id
1242 480 1277 535 p
1353 474 1406 517 st
1445 484 1508 517 ex
1557 465 1856 516 testimoniis
1899 461 2113 512 laudatis
2145 462 2407 511 aestimari.
2473 457 2593 510 vid.
2624 475 2671 506 e.

219 561 264 617 g·
300 566 344 602 0
383 565 455 597 ¹2·
509 548 614 608 „Et
632 561 956 615 quamquam.
984 557 1102 597 sunt
1135 549 1188 596 in
1220 565 1302 597 me
1333 550 1619 616 praecipua
1633 548 1816 599 merita
1861 547 2157 604 multorum,
2193 561 2322 610 quae
2356 542 2501 591 sileri
2525 540 2671 607 nullo

219 628 372 678 modo
404 634 626 694 possunt,
678 637 847 706 tamen
889 622 1038 675 huius
1071 629 1307 694 temporis
1340 646 1399 677 ac
1433 631 1627 679 timoris
1660 631 1760 678 mei
1794 645 1898 677 non
1933 636 2020 685 est,
2071 625 2242 674 conari
2277 626 2670 672 commemorare

220 706 463 756 beneficia
530 707 583 756 in
646 724 727 756 me
771 707 1105 772 singulorum·
1160 724 1279 755 nam
1335 707 1533 757 difficile
1590 719 1664 758 est
1721 726 1826 757 non
1870 709 2115 775 aliquem3
2173 704 2312 752 nefas
2362 719 2670 770 quemquam

217 778 502 854 praeterire.
507 796 539 818 “
572 789 664 840 Cn
700 788 931 836 Plancius
965 786 1460 836 honorificentissime
1494 790 1785 837 nominatur
1819 806 1861 837 c.
1868 788 1977 849 ι4.
2157 801 2162 805 ’

348 867 573 917 Alteram
603 876 717 951 post
748 866 969 916 reditum
1001 868 1277 916 orationem
1312 869 1386 916 in
1398 868 1588 929 eadem,
1626 886 1754 936 quae
1790 867 1991 916 laudata
2024 874 2112 926 est,
2157 862 2367 930 epistola
2400 860 2666 929 significari

219 948 474 998 Fet-ratius
508 943 600 998 hae
626 943 1058 1015 argumentatione
1094 948 1263 999 docet:
1299 949 1605 1008 „Postridie
1639 951 1693 999 in
1727 948 1944 1007 Senatu,
1979 948 2050 996 ait
2071 946 2265 1005 Cicero,
2291 947 2385 1014 qui
2403 942 2527 1010 fuit
2560 944 2670 993 dies

223 1029 494 1077 Nonarum
526 1029 787 1097 septembr.
822 1030 1039 1078 Senatui
1069 1032 1269 1093 gratias
1301 1031 1512 1094 egimus.
1560 1030 1643 1078 En
1695 1029 1902 1078 alteram
1944 1030 2223 1077 orationem
2264 1036 2378 1093 post
2431 1026 2665 1075 reditum.

221 1107 432 1167 Deinde,
464 1108 773 1175 quibusdam
805 1110 1120 1176 interpositis,
1155 1109 1383 1159 subiicit:
1424 1110 1538 1176 Quo
1571 1110 1686 1159 SCo
1724 1114 1937 1159 recitato
1971 1109 2055 1174 (de
2090 1127 2145 1158 re
2180 1107 2668 1157 frumentariaPOm-

221 1189 334 1255 peio
367 1181 686 1255 mandanda),
721 1207 880 1257 quum
907 1191 1131 1257 populus
1163 1207 1300 1240 more
1333 1190 1427 1240 hoc
1460 1193 1659 1242 insueto
1693 1203 1743 1241 et
1775 1210 1900 1242 novo
1930 1193 2191 1260 plausum(
2206 1209 2315 1240 meo
2350 1191 2555 1239 nomine
2589 1206 2668 1236 re·

223 1268 427 1316 citando
459 1270 698 1327 dedisset,
732 1269 891 1316 habui
921 1273 1225 1318 concionem.
1278 1271 1447 1333 Quam
1480 1275 1775 1321 concionem
1819 1283 1929 1321 tum
1982 1274 2210 1321 habuisse
2262 1271 2511 1320 dicendus
2566 1269 2668 1317 est?

220 1341 301 1396 An
335 1358 392 1396 ut
426 1348 708 1397 deferretur
739 1351 976 1415 Pompeio
1009 1352 1296 1416 procuratio
1330 1355 1402 1400 rei
1437 1353 1819 1405 frumentariae?
1857 1358 1954 1405 iam
1993 1358 2203 1404 Senatus
2254 1357 2357 1421 ipse
2400 1352 2664 1401 detulerat.
2715 1406 2717 1410 Ι

219 1432 299 1478 An
333 1449 396 1480 ne
429 1433 596 1481 SCum
629 1432 847 1499 populus
881 1433 1210 1499 improbaret?
1255 1434 1384 1481 illud
1439 1435 1573 1484 idem
1617 1438 1794 1485 Cicero
1837 1438 2012 1503 populi
2057 1445 2233 1503 rogatu
2284 1433 2668 1485 decernendum

220 1522 492 1572 curaverat,
527 1530 692 1579 neque
728 1514 781 1560 in
815 1512 1053 1561 solvendo
1089 1513 1280 1580 legibus
1314 1523 1509 1580 poterat
1540 1534 1643 1564 non
1690 1516 1863 1564 iubere
1909 1517 2064 1584 plebs,
2112 1516 2255 1582 quod
2295 1516 2516 1563 Senatus
2551 1529 2667 1560 cen-

220 1593 408 1651 suisset,
457 1610 519 1641 ex
568 1594 673 1659 lege
719 1593 963 1641 Cornelia.
1029 1594 1229 1641 Scilicet
1263 1593 1431 1642 habita
1463 1599 1638 1649 concio
1674 1605 1747 1645 εει
1780 1597 1901 1645 haec
1936 1599 2040 1665 ipsa
2072 1598 2137 1645 ad
2158 1597 2380 1660 Quirites
2393 1595 2566 1643 oratio.
2602 1621 2669 1632 —

220 1673 349 1721 Hinc
381 1675 478 1721 Dio
511 1673 597 1721 lib.
635 1673 927 1723 XXXVIII.
991 1675 1162 1723 Rediit
1197 1676 1375 1724 Cicero
1409 1687 1459 1723 et
1489 1680 1689 1742 gratias
1723 1687 1830 1724 tum
1864 1677 2101 1734 Senatui,
2147 1686 2254 1723 tum
2288 1677 2499 1743 populo,
2546 1692 2664 1722 con-

218 1756 362 1800 cione
395 1772 427 1800 a
466 1756 602 1801 Coss·
639 1755 778 1811 data,
814 1757 868 1802 in
902 1755 1099 1803 Senatu
1133 1766 1183 1803 et
1212 1758 1266 1802 in
1300 1760 1542 1805 concione
1577 1761 1697 1822 egit
1742 1759 1877 1823 Ego
1921 1775 2056 1816 vero,
2106 1758 2224 1804 licet
2277 1756 2331 1804 id
2384 1774 2550 1823 neque
2602 1773 2665 1803 ex

220 1833 404 1891 Tullio,
439 1851 603 1900 neque
639 1852 700 1881 ex
735 1836 894 1884 Dione
928 1844 1189 1894 constaret,
1226 1853 1506 1902 numquam
1537 1822 1705 1884 tamen
1740 1835 1960 1883 dubitari
1994 1852 2136 1902 posse
2169 1844 2415 1901 putarem,
2453 1853 2517 1881 an
2547 1833 2666 1881 huic

216 1914 375 1962 officio
408 1923 511 1963 tam
542 1916 820 1963 necessario
855 1916 1163 1979 satisfactum
1193 1916 1362 1974 fuerit,
1399 1935 1560 1983 quum
1585 1917 1881 1973 ,ambitiosus
1918 1925 2099 1975 orator,
2159 1918 2246 1983 qui
2281 1908 2392 1964 tuin
2423 1914 2662 1980 singulari

218 1993 461 2043 beneficio
495 1995 668 2062 populi
705 1996 962 2045 restitutus
995 1997 1173 2055 fuerat,
1210 1998 1261 2045 in
1294 1996 1447 2045 rebus
1483 1998 1632 2046 etiam
1666 1997 1924 2045 levissimis
1957 2006 2156 2063 gratum
2190 2013 2239 2043 se
2274 2013 2332 2044 ac
2364 1995 2661 2061 popularem

217 2075 530 2140 praestiterit.
586 2075 666 2133 At,
704 2076 915 2141 inquies,
951 2093 1046 2125 cur
1078 2094 1181 2125 non
1216 2078 1349 2126 VIII.
1410 2077 1531 2127 Idus
1575 2079 1870 2146 Septembr.‚
1909 2078 2151 2145 postridie
2194 2078 2449 2136 nimirum,
2507 2074 2663 2141 {fuam

219 2154 414 2204 dixerat
447 2157 499 2204 in
531 2156 731 2216 Senatu,
765 2156 830 2206 ad
874 2150 1124 2224 populum
1156 2151 1436 2224 productus
1472 2159 1574 2207 est?
1608 2161 1710 2227 ipse
1745 2162 1880 2208 enim
1921 2159 2119 2218 fatetur,
2172 2158 2361 2207 factum
2406 2156 2460 2205 id
2501 2155 2663 2229 ⁴fuisse

217 2234 376 2282 biduo
424 2244 549 2298 post.
617 2235 773 2297 Quasi
821 2233 894 2283 ex'
923 2237 1066 2284 Livio
1109 2246 1158 2284 et
1200 2238 1476 2298 Macrobio,
1524 2250 1580 2287 ut
1621 2241 1739 2288 alibi
1787 2240 2042 2298 admonui,
2087 2239 2408 2287 manifestum
2442 2254 2545 2284 non
2580 2238 2657 2292 sit,

216 2313 456 2380 postridie
491 2331 661 2362 omnes
695 2315 801 2362 Kal.
836 2317 1003 2364 Nonas
1037 2326 1086 2364 et
1120 2316 1241 2364 Idus
1275 2327 1406 2368 atros
1441 2320 1548 2368 dies
1584 2339 1646 2368 ex
1682 2319 1984 2377 Pontificum
2017 2317 2221 2366 decreto
2255 2317 2420 2375 fuisse,
2473 2315 2661 2381 quibus

214 2396 427 2463 proinde
473 2392 662 2445 'habere
708 2398 909 2445 comitia
958 2406 1007 2444 et
1051 2414 1230 2446 vocare
1273 2399 1521 2465 populum
1560 2399 1626 2447 ad
1675 2401 1971 2447 concionem
2023 2416 2127 2447 non
2177 2398 2373 2447 licebat.
2442 2397 2524 2445 Sic
2557 2412 2661 2456 non

215 2477 455 2543 postridie
489 2479 668 2535 Nonas,
699 2476 788 2525 sed
819 2477 977 2525 biduo
1013 2486 1134 2543 post,
1186 2478 1316 2526 facto
1357 2481 1456 2526 iam
1497 2480 1605 2528 SCo
1653 2479 1716 2526 de
1763 2481 1835 2525 rei
1880 2479 2239 2526 frumentariae
2285 2479 2677 2544 procuratione,-

215 2558 330 2607 data
365 2568 437 2607 est
470 2559 699 2608 Ciceroni
735 2560 909 2608 concio
938 2579 965 2608 a
997 2560 1411 2627 magistratibus.“
1463 2559 1605 2622 Quae
1651 2561 1939 2609 coniectura
1982 2560 2194 2608 Ferratii
2249 2558 2436 2608 Wolfio
2478 2574 2677 2624 parum,

215 2636 488 2705 probabilis
520 2639 724 2689 videtur
756 2650 964 2707 propter
997 2627 1249 2690 silentium
1284 2641 1552 2698 Ciceronis,
1588 2641 1677 2706 qui
1713 2658 1873 2707 quum
1906 2639 2101 2687 tantillo
2123 2638 2384 2686 intervallo
2413 2637 2477 2685 de
2502 2636 2657 2683 altera

214 2720 485 2786 gratiarum
519 2722 709 2769 actione
757 2723 1067 2781 narravisset,
1104 2740 1240 2771 nunc
1274 2721 1485 2770 eandem
1503 2741 1627 2770 ·rem
1661 2722 1798 2788 apud
1833 2722 2078 2788 populum
2111 2720 2292 2768 factam
2340 2736 2444 2766 non
2492 2716 2651 2783 negli-

215 2809 385 2866 genter
418 2803 690 2851 omissurus
722 2801 877 2851 fuerit
917 2806 1010 2870 14).
1047 2805 1114 2853 At
1145 2804 1271 2853 nihil
1302 2803 1496 2853 facilius
1530 2802 1665 2851 factu
1700 2812 1819 2862 erat,
1856 2819 2007 2869 quam
2041 2810 2098 2848 ut
2129 2800 2325 2847 Atticus
2366 2798 2516 2846 etiam
2567 2814 2658 2864 po-

215 2881 336 2946 pulo
369 2883 546 2945 gratias
582 2884 633 2930 in
666 2883 828 2948 prima
862 2885 1102 2931 concione
1137 2894 1268 2932 actas
1303 2901 1404 2932 esse
1439 2885 1788 2949 suspicaretur,
1824 2900 1982 2949 quum
2016 2881 2218 2928 Senatui
2253 2889 2384 2927 actas
2416 2896 2520 2926 esse
2575 2895 2657 2926 co-

217 2955 475 3027 gnoirisset.
514 2962 684 3024 Qua're
718 2979 820 3010 non
855 2976 980 3029 opus
1001 2974 1119 3024 erat,
1155 2973 1212 3011 ut
1232 2963 1328 3012 hoc
1362 2964 1540 3012 diserte
1578 2963 1851 3012 adderetur
1868 2963 1933 3011 a'd
1951 2961 2123 3009 verba:
2159 2961 2315 3008 habui
2347 2962 2655 3007 concionem.
2697 2971 2708 2979 ·

216 3043 373 3106 Q'uod
405 3060 523 3090 vero
557 3038 786 3091 nulla‘fit
818 3038 1006 3093 mentio
1039 3048 1111 3094 rei
1146 3046 1500 3094 frumentariae
1535 3045 1588 3092 in
1621 3064 1702 3105 ea,
1742 3063 1870 3113 quae
1905 3044 1969 3091 ad
2004 3060 2094 3091 nos
2134 3042 2375 3109 pervenit,
2403 3041 2653 3087 oratione:

171 3156 192 3180 0
217 3124 472 3174 huius-rei
508 3143 653 3174 causa
687 3135 771 3187 est,
808 3135 864 3174 ut
898 3126 1029 3175 infra
1064 3128 1362 3176 conabimur
1395 3126 1668 3185 ostendere,
1706 3119 1848 3194 quod
1880 3126 2020 3191 prior
2053 3140 2164 3189 pars
2216 3120 2366 3168 huius
2416 3121 2656 3170 orationis

147 3215 149 3217 ’
216 3204 477 3273 deperdita
511 3216 594 3267 est,
629 3209 680 3255 in
714 3226 815 3275 qua
849 3208 1143 3257 Ciceronem
1176 3210 1442 3259 verisimile
1477 3218 1548 3258 est
1582 3209 1647 3258 de
1681 3226 1739 3256 re
1768 3206 2095 3255 frumentaria
2128 3203 2325 3251 dixisse.

348 3291 423 3338 De
458 3293 679 3339 oratione
712 3306 806 3356 pro
841 3289 992 3339 domo
1025 3306 1114 3338 sua
1146 3291 1212 3340 ad
1243 3291 1502 3341 Pontifices
1552 3290 1728 3339 Cicero
1775 3289 1844 3337 sic
1889 3287 2061 3336 scribit
2111 3283 2177 3334 ad
2225 3284 2454 3332 Atticum
2489 3283 2572 3342 IV,
2609 3300 2653 3331 2.

249 3391 425 3447 ¹⁴⁸)‘Vi‹1.
452 3412 686 3445 summarium
713 3408 822 3444 huius
851 3410 1029 3444 orationis
1058 3420 1095 3455 p.
1119 3402 1182 3446 82.
