3007 3888
301 129 401 175 XII
664 174 687 195 δ

294 264 345 303 et
378 255 502 315 illas,
539 272 667 323 quae
705 255 856 306 hodie
903 257 1144 324 leguntur
1178 262 1280 325 21).
1315 259 1486 322 Quare
1524 262 1622 309 iam
1656 259 1774 308 licet
1818 260 1880 309 ad
1919 260 2195 312 secundam
2222 261 2378 312 ‘huius
2415 259 2764 329 disputationis

290 345 487 424 partem
521 335 846 398 descendere,
884 338 937 387 in
973 356 1074 407 qua
1101 339 1386 398 duodecim,
1423 339 1486 388 de
1521 339 1708 406 quibus
1742 337 1862 397 dixi,
1896 341 2106 392 testibus
2135 343 2370 404 citandis,
2405 344 2469 394 ad
2505 360 2614 394 eam
2643 360 2758 394 rem

292 416 508 464 maxime
544 414 754 476 idoneis,
790 418 1057 485 ostendere
1093 420 1337 478 conabor,
1395 418 1512 468 inde
1548 419 1610 468 ab
1657 419 1861 468 interitu
1915 419 2173 472 Ciceronis
2225 442 2386 493 usque
2430 424 2496 476 ad
2547 433 2757 476 aetatem

292 496 532 544 Prisciani
590 506 880 548 constanter
922 516 1095 550 omnes
1130 503 1374 550 Romanos
1421 516 1514 566 pro
1536 499 1875 549 Ciceronianis
1904 497 2131 549 habuisse
2153 519 2248 562 eas,
2278 504 2342 554 de
2370 506 2558 573 quihus
2577 505 2754 572 agitur,

294 576 522 642 quinque
559 551 826 637 orationes,
862 595 1028 645 neque
1051 578 1210 628 alios
1200 598 1248 628 in
1277 578 1453 629 iisdem
1487 581 1646 629 causis
1680 589 1932 629 versantes
1965 580 2160 630 novisse
2194 591 2282 631 aut
2314 601 2753 645 commemorasse,

294 674 423 721 quae
461 656 756 724 deperditae
793 677 894 707 esse
929 661 1196 708 existimari
1232 660 1432 725 possint.

434 738 756 790 1.VA1,nn1ns
793 738 1053 800 Mmmus,
1090 740 1177 806 qui
1212 757 1304 805 per
1337 749 1548 789 aetatem
1581 741 1775 807 primus
1811 748 1882 787 est
1915 740 2066 798 testis,
2102 758 2129 788 a
2163 741 2406 807 scriptore
2441 752 2613 792 nostro
2645 762 2756 792 mu-

294 828 465 869 tuatus
501 831 575 869 est
609 822 734 869 duas
768 822 1062 878 sententias,
1096 839 1318 885 quarum
1352 822 1507 869 altera
1542 821 1727 885 legitur
1759 821 1853 877 Vl,
1890 820 1946 876 3,
1989 837 2030 866 1.
2052 821 2282 877 „Eadem
2315 840 2494 871 ausum
2513 824 2598 888 Sp.
2620 824 2757 871 Mae-

297 900 427 948 lium
463 899 708 947 consimili
744 900 878 946 exitu
914 900 1073 964 patria
1107 899 1362 959 multavit3
1397 919 1511 947 area
1545 917 1666 947 vero
1701 898 1883 946 domus
1914 898 2034 956 eius,
2064 917 2167 964 quo
2190 901 2304 949 iusti
2328 902 2558 969 supplicii
2581 903 2757 950 notitia

295 979 361 1029 ad
393 990 616 1047 posteros
649 977 957 1045 perveniret,
992 977 1320 1042 Aequimaelii
1357 976 1742 1043 appellationem
1776 978 1978 1026 traxit.“
2043 977 2214 1026 Altera
2247 979 2285 1037 I,
2329 998 2367 1037 1,
2404 981 2470 1028 in.
2508 978 2757 1038 „Maiores

294 1061 453 1107 nostri
493 1068 636 1105 statas
670 1057 1035 1120 sollemnesque
1070 1058 1366 1103 cerimonias
1409 1057 1711 1104 Pontificum
1759 1057 1990 1114 scientia3
2043 1055 2170 1101 bene
2203 1057 2540 1120 gerendarum
2584 1073 2757 1104 rerum

296 1139 611 1185 auctoritates
636 1136 900 1199 Augurum
921 1134 1291 1196 observatione3
1328 1137 1575 1203 Apollinis
1609 1133 1973 1199 praedictiones
2019 1143 2187 1180 vatum
2208 1134 2373 1194 libris;
2408 1146 2760 1201 portentorum

297 1217 503 1284 depulsa
538 1217 751 1263 Etrusca
784 1213 1048 1282 disciplina
1084 1217 1321 1283 explicari
1352 1217 1674 1266 voluerunt.“
1707 1214 1853 1263 Prior
1876 1214 2084 1262 imitatio
2107 1223 2178 1262 est
2197 1232 2269 1263 or.
2290 1233 2382 1282 pro
2402 1215 2578 1276 domo,
2612 1235 2654 1265 c.
2678 1219 2754 1267 38.

293 1299 408 1363 ,‚Sp.
446 1296 611 1344 Maelii
648 1311 859 1360 regnum
893 1296 1169 1360 appetentis
1205 1295 1384 1344 domus
1422 1304 1493 1344 est
1529 1295 1855 1361 complanata.
1893 1292 2100 1360 Ecquid
2133 1291 2304 1341 aliud?
2357 1310 2578 1360 aequum
2629 1296 2757 1344 acci-

293 1377 422 1425 disse
457 1374 639 1423 Maelio
673 1374 890 1440 populus
923 1376 1177 1423 Romanus
1214 1376 1477 1425 iudicavit:
1514 1376 1718 1423 nomine
1755 1375 1865 1440 ipso
1886 1373 2215 1439 Aequimaelii
2251 1391 2412 1440 poena
2433 1373 2757 1440 comprobata

296 1463 417 1506 est.“
449 1455 695 1523 posterior
730 1454 941 1519 repetita
977 1462 1048 1501 est
1085 1471 1146 1501 ex
1181 1471 1252 1501 or.
1288 1454 1351 1502 de
1388 1456 1602 1522 Harusp.
1629 1457 1776 1519 Resp.
1818 1472 1860 1502 c.
1889 1471 1936 1518 9.
1971 1448 2110 1516 „Qui
2147 1451 2401 1518 (Maiores)
2443 1461 2588 1500 statas
2620 1449 2763 1500 solle-

293 1555 532 1602 mnesque
561 1535 856 1584 cerimonias
872 1531 1183 1599 pontificatu,
1217 1553 1390 1582 rerum
1405 1535 1535 1583 bene
1568 1535 1905 1600 gerendarum
1933 1535 2249 1582 auctoritates
2283 1534 2508 1598 augurio,
2542 1532 2762 1580 fatorum

293 1629 482 1667 veteres
519 1615 890 1682 praedictiones
926 1616 1174 1682 Apollinis
1221 1626 1394 1664 vatum
1428 1616 1584 1674 libris,
1638 1626 1990 1682 portentorum
2024 1617 2393 1683 explanationes
2426 1617 2761 1665 Etruscorum

296 1698 559 1764 disciplina
595 1697 840 1745 contineri
876 1701 1172 1762 putarunt.“
1203 1696 1352 1744 Unde
1387 1714 1477 1744 nos
1513 1697 1792 1763 colligimus
1810 1695 2006 1744 Valerio
2034 1697 2257 1745 Maximo
2292 1705 2432 1744 notas
2467 1694 2617 1744 fuisse
2654 1694 2761 1743 illas

296 1778 554 1824 orationes.
594 1775 780 1822 Contra
814 1774 1161 1831 Marklandus,
1196 1776 1267 1835 (in
1302 1777 1456 1840 praef.
1494 1777 1558 1824 ad
1601 1779 1670 1826 lV
1715 1787 1856 1825 oratt.
1894 1796 1943 1842 p.
1978 1779 2078 1842 67.)
2112 1776 2299 1842 „Apud
2332 1776 2641 1832 Valerium‚“
2677 1778 2757 1833 ait,

296 1873 493 1916 „sermo
528 1864 695 1902 rectus
731 1863 804 1900 est
838 1870 894 1899 ac
928 1854 1187 1918 proprius,
1230 1853 1368 1918 apud
1402 1864 1651 1901 oratorem
1687 1865 1917 1902 nostrum
1952 1855 2184 1912 vitiosus,
2218 1863 2353 1901 certe
2388 1853 2662 1903 abhorrens
2696 1853 2759 1901 ab

296 1939 607 2004 optimorum
642 1936 953 1999 scriptorum
989 1934 1370 1979 consuetudine.
1408 1934 1514 1982 Iam
1547 1937 1753 1982 minime
1787 1935 2054 1983 verisimile
2089 1944 2182 1993 est,
2219 1935 2477 1985 Valerium
2511 1936 2576 1981 ita
2612 1951 2760 1981 usum

299 2037 403 2067 esse
436 2018 604 2066 verbis
641 2015 913 2071 Ciceronis,
949 2023 1006 2060 ut
1040 2013 1188 2060 huius
1222 2012 1460 2061 latinitate
1496 2034 1597 2063 non
1633 2017 1983 2081 acquiesceret,
2020 2032 2230 2081 eamque
2270 2015 2579 2063 correctione
2616 2031 2759 2079 egere

301 2110 524 2168 putaret3
565 2094 983 2146 verisimillimum
1017 2101 1197 2149 autem,
1236 2093 1465 2157 imperito
1501 2093 1823 2142 declamatori
1859 2090 2131 2158 placuisse,
2188 2091 2382 2159 aliquid
2428 2093 2679 2159 surripere
2731 2113 2759 2141 a

301 2184 511 2237 Valerio,
547 2178 637 2227 sed
672 2178 874 2242 vestigia
908 2176 1054 2241 plagii
1092 2174 1399 2222 oblitterasse
1436 2174 1749 2222 immutanda
1784 2175 2001 2222 auctoris
2027 2174 2104 2222 sui
2127 2173 2417 2221 latinitate.“
2449 2174 2596 2230 Vitia,
2633 2189 2762 2239 quae

298 2260 608 2327 deprehensa
643 2266 762 2305 sunt
795 2275 823 2303 a
858 2256 1158 2304 Marklando
1194 2257 1244 2302 in
1279 2272 1508 2303 sermone
1543 2255 1749 2302 oratoris
1783 2255 1956 2315 nostri,
1991 2253 2442 2302 animadversiones
2477 2253 2542 2300 ad
2559 2262 2756 2301 utrum-

300 2358 400 2407 que
435 2340 607 2388 locum
641 2336 929 2386 ostendunt.
966 2337 1040 2384 Ac
1069 2337 1293 2402 primum
1326 2335 1387 2383 ad
1409 2352 1480 2382 or.
1500 2353 1592 2399 pro
1627 2334 1793 2392 domo,
1828 2351 1870 2382 c.
1908 2334 1986 2386 38.
2022 2336 2218 2401 copiose
2254 2332 2523 2391 docemur,
2571 2335 2763 2402 Aequi-

298 2415 535 2468 maelium
579 2434 682 2466 non
718 2433 821 2464 esse
857 2433 919 2463 ex
955 2432 1012 2463 eo
1048 2415 1258 2472 dictum,
1295 2415 1413 2480 quia
1449 2414 1636 2462 Maelio
1670 2412 1916 2461 acciderit
1948 2431 2189 2480 aequum,
2242 2431 2330 2463 seu
2367 2413 2488 2480 quia
2522 2412 2601 2460 vir
2635 2414 2763 2461 iusta

294 2518 456 2568 poena
490 2499 696 2548 affectus
730 2499 819 2559 sit;
855 2495 945 2546 sed
980 2514 1082 2546 esse
1104 2513 1325 2564 aequum
1360 2513 1448 2544 seu
1466 2494 1730 2561 planitiem
1750 2494 1941 2542 Maelii.
1977 2493 2123 2541 Illam
2139 2509 2262 2542 vero
2280 2502 2383 2546 tam
2404 2502 2571 2560 aperte
2587 2492 2762 2542 falsam

294 2582 620 2638 notationem,
651 2597 806 2645 quam
841 2578 1040 2645 sequuti
1076 2578 1175 2624 sint
1208 2585 1378 2624 orator
1411 2584 1582 2623 noster
1615 2584 1663 2623 et
1688 2574 1918 2625 Valerius
1937 2574 2203 2633 Maximus,
2240 2575 2470 2624 Ciceroni
2490 2593 2591 2624 non
2617 2592 2759 2642 posse

294 2663 466 2720 tribui,
502 2660 592 2709 sed
627 2660 852 2708 colorem
883 2676 988 2706 esse
1025 2657 1453 2723 declamatorium,
1490 2675 1551 2704 ex
1584 2655 1787 2703 Valerio
1821 2655 2121 2704 derivatum.
2157 2655 2223 2704 At
2255 2657 2462 2715 scimus,
2498 2654 2759 2704 alludendi

295 2744 716 2792 studiosissimum
753 2759 857 2789 esse
894 2740 1205 2796 Ciceronem,
1241 2746 1287 2786 et
1321 2737 1482 2804 pluris
1518 2738 1568 2785 in
1603 2756 1658 2786 ea
1688 2755 1742 2786 re
1778 2736 2119 2786 similitudinis
2153 2738 2460 2804 eleganti-am,
2493 2754 2653 2803 quam
2676 2754 2760 2785 ve·-

298 2824 497 2872 ritatem
530 2821 846 2870 notationum
879 2819 1142 2868 aestimari.
1180 2819 1236 2866 In
1271 2828 1511 2885 promptu
1545 2827 1662 2867 sunt
1685 2817 1808 2866 aliae
1830 2819 2122 2879 notationes,
2158 2836 2288 2885 quae
2305 2817 2540 2867 Ciceroni
2562 2817 2760 2884 placue-

301 2913 434 2961 runt,
471 2901 780 2967 eaedemque
814 2899 1103 2948 falsissimae
1138 2917 1165 2948 a
1199 2900 1531 2964 grammaticis
1566 2897 1828 2947 habentur.
1864 2898 1932 2947 Ut
1952 2899 2397 2965 superstitionis&
2417 2899 2761 2964 superstitiosi

303 2982 363 3031 de
388 2984 493 3032 Nat.
514 2984 666 3032 Deor.
686 2981 749 3040 II,
786 2982 864 3029 28.
899 2979 1058 3040 „Nam
1077 2978 1164 3046 qui
1193 2987 1319 3027 totos
1350 2978 1460 3028 dies
1491 2975 1832 3046 precabantur
1864 2988 1915 3026 et
1947 2978 2284 3040 immolabant,
2320 2987 2378 3026 ut
2397 2978 2473 3027 sui
2493 2977 2586 3026 sibi
2607 2974 2758 3024 liberi

302 3064 582 3129 superstites
615 3070 802 3120 essent,
838 3060 1165 3129 superstitiosi
1201 3069 1318 3109 sunt
1351 3060 1637 3130 appellatif‘
1660 3061 1810 3127 fidei,
1847 3059 1910 3110 de
1929 3059 2076 3111 offic.
2103 3061 2141 3121 1,
2168 3078 2212 3129 7-.
2246 3058 2554 3120 „audeamus
2571 3056 2760 3106 imi-tari

302 3143 502 3204 Stoicos,
539 3146 626 3212 qui
661 3142 884 3194 studiose
920 3141 1211 3209 exquirunt,
1248 3141 1383 3191 unde
1417 3141 1572 3190 verba
1592 3141 1690 3190 sint
1709 3141 1890 3203 ducta3
1926 3140 2319 3206 credamusque,
2354 3139 2474 3206 quia
2489 3135 2590 3193 fiat,
2617 3132 2764 3202 quod

303 3296 372 3337 21)
412 3293 621 3329 Orationem
650 3294 832 3342 quandam
860 3294 906 3329 de
933 3294 1178 3341 Haruspicum
1205 3295 1386 3341 responsis
1415 3308 1434 3328 a
1463 3293 1640 3328 Cicerone
1671 3293 1913 3340 conscriptam
1940 3291 2073 3332 fuisse.
2111 3292 2223 3325 eti-'¹¹²¹
2251 3287 2408 3324 W⁰⁴¹fi⁸¹⁸
2435 3287 2544 3333 P⁰¹¹3¹²
2573 3287 2611 3320 5¹¹
2637 3282 2754 3332 praes·

405 3352 468 3388 IV.
502 3358 594 3390 orat.
622 3365 656 3400 p.
673 3355 757 3396 39„
786 3355 851 3401 qui
878 3355 941 3389 vix
963 3353 1118 3389 dubium
1146 3364 1224 3389 ease
1252 3353 1457 3396 contendit,
1488 3353 1579 3399 quin
1601 3351 1738 3387 Auctor
1753 3357 1900 3388 nostrae
1913 3348 2339 3397 orationisdeperdit'am
2350 3346 2537 3382 Ciceronis
2551 3344 2754 3380 orationem

406 3416 493 3445 aute
522 3413 646 3446 oculos
673 3413 856 3452 habuerit.
