3007 3888
2488 160 2671 212 XXIX

254 326 258 328 -
312 328 316 332 -
339 290 640 343 Marklando
659 304 853 340 mer-ces
870 288 917 337 h.
941 286 973 336 l.
995 287 1109 338 satis
1131 286 1344 337 obscure
1353 285 1474 354 poni
1489 285 1707 346 videtur,
1719 297 1960 354 potestate
1972 286 2191 359 ancipiti.
2205 293 2332 342 Nam
2347 294 2398 341 in
2413 293 2670 342 reddenda

205 375 440 430 mercede
467 372 604 422 nihil·
629 370 770 421 aliud
805 387 908 420 esse
941 369 1218 429 contendit,
1254 386 1408 437 quam
1431 370 1487 415 in
1521 367 1798 434 referenda
1819 369 1941 417 milzi
1957 375 2152 436 gratia:
2185 373 2461 439 posteriore
2497 381 2668 421 autem

207 456 334 505 loco.
355 450 635 503 mercedem
675 459 778 498 esse
813 449 1081 516 pecuniam
1113 446 1267 496 Atilio
1300 448 1603 514 promissam*
1630 466 1659 496 a
1691 446 1947 497 Clodianis
1981 467 2074 515 pro
2108 452 2475 500 intercessione.
2513 451 2667 500 Hunc

205 532 516 599 singuhrem
549 529 783 578 Censoris
817 528 1047 579 errorem
1078 527 1334 575 Gesnerus
1369 529 1591 594 corrigit,
1613 529 1702 593 qui
1739 529 2117 593 interpretatur:
2154 550 2331 597 „quae
2365 533 2668 580 deliberatio

209 635 314 667 non
347 605 402 665 in
437 612 713 670 reddenda,
749 627 903 678 quam
937 610 1040 657 iam
1069 611 1329 674 acceperat
1362 607 1424 656 ab
1460 609 1674 659 inimicis
1706 610 1844 670 meis,
1863 610 2228 662 intercessionis
2262 629 2376 661 suae
2410 614 2661 672 mercede,

211 694 310 748 sed
333 694 659 758 in'augenda
693 693 992 755 consumpta
1025 692 1161 736 est.“

342 777 398 826 C.
440 793 479 823 r.
513 774 706 838 „Quod
738 779 971 840 precatus
1006 786 1034 816 a
1068 769 1187 816 Iove
1221 769 1427 837 Optimo
1445 772 1667 821 Maximo
1697 774 1981 840 ‘ceterisque
2018 773 2113 821 diis
2148 774 2513 823 immortalibus
2540 792 2665 834 sum,

211 860 448 924 Quirites,
484 874 543 906 eo
576 867 817 921 tempore,
852 869 1015 920 quum
1047 869 1127 898 me
1158 850 1486 919 fortunasque
1520 870 1652 901 meas
1686 871 1779 920 pro
1824 863 1989 902 vestra
2020 855 2379 913 incolumitate,
2417 857 2517 903 otio
2553 872 2669 903 con-

211 938 485 1003 cordiaque
519 934 718 991 devovi,
755 932 902 992 ut,-si
936 948 1070 978 meas
1104 932 1323 978 rationes
1357 948 1640 998 numquam
1671 942 1861 981 vestrae
1895 935 2039 982 saluti
2074 936 2481 1001 anteposuissem,
2546 952 2670 982 sem-

211 1021 459 1086 piternam
493 1031 706 1081 poenam
733 1013 1031 1061 sustinerem
1064 1027 1177 1059 mea
1208 1010 1464 1059 voluntate
1499 1022 1806 1080 susceptam3
1843 1015 1919 1062 sin
1954 1023 2003 1062 et
2037 1033 2106 1074 ea,
2126 1032 2256 1082 quae
2274 1024 2389 1064 ante
2409 1032 2668 1081 gesseram,

211 1094 582 1147 conservandae
616 1093 829 1142 civitatis
864 1108 1012 1141 causa
1045 1091 1313 1158 gessissem,
1350 1100 1401 1139 et
1434 1091 1572 1141 illam
1604 1095 1836 1142 miseram
1869 1095 2238 1161 profectionem
2271 1105 2464 1145 vestrae
2495 1097 2666 1144 salutis

211 1179 369 1246 gratia
402 1177 740 1242 suscepissem,
776 1183 848 1232 ut,
884 1172 1027 1239 quod·
1057 1171 1235 1221 odium
1268 1171 1495 1221 scelerati
1528 1173 1752 1223 homines
1786 1186 1834 1223 et
1882 1176 2096 1225 audaces
2133 1178 2184 1224 in
2219 1176 2588 1244 rempublicam
2622 1185 2671 1224 et

212 1260 471 1308 inomnes
502 1257 663 1306 bonos
697 1262 1000 1320 conceptum
1033 1252 1224 1302 iamdiu
1247 1253 1574 1311 continerent,
1587 1254 1640 1304 id
1674 1256 1725 1304 in
1758 1274 1839 1304 me
1875 1274 1977 1305 uno
2010 1258 2190 1324 potius,
2205 1274 2357 1324 quam
2393 1260 2445 1306 in
2480 1258 2671 1324 optimo

212 1357 417 1408 quoque
471 1348 521 1388 et
558 1340 609 1387 in
644 1339 878 1386 universa
911 1337 1107 1385 civitate
1141 1333 1402 1396 deficerem
1456 1334 1552 1391 hoc
1596 1337 1635 1384 si
1681 1338 1850 1385 animo
1899 1339 1950 1385 in
2000 1355 2087 1386 vos
2137 1338 2423 1406 liberosque
2477 1348 2668 1387 vestros

213 1422 432 1478 fuissem,
468 1429 526 1467 ut
558 1410 832 1483 aliquando
865 1433 967 1474 vos,
1001 1418 1170 1464 Patres
1205 1416 1541 1480 Conscriptos,
1585 1416 1880 1482 Italiamque
1923 1419 2209 1466 universam
2254 1420 2498 1466 memoria
2546 1420 2670 1475 mei,

217 1498 561 1550 misericordia
589 1495 998 1559 desideriumque
1032 1503 1249 1542 teneret:
1285 1494 1391 1542 eius
1408 1495 1686 1543 devotionis
1719 1515 1800 1543 me
1821 1514 1922 1544 esse
1939 1499 2226 1545 convictum
2245 1498 2434 1545 iudicio
2456 1497 2673 1545 deorum

217 1579 590 1638 immortalium,
626 1577 911 1625 testimonio
946 1578 1168 1632 Senatus,
1204 1591 1447 1622 consensu
1482 1576 1667 1634 Italiae,
1708 1578 2015 1626 confessione
2049 1579 2386 1636 inimicorum,
2421 1577 2668 1626 beneficio

217 1663 389 1711 divino
425 1658 795 1723 immortalique
829 1665 1009 1713 vestro,
1044 1655 1258 1701 maxime
1294 1655 1465 1713 laetor,
1503 1655 1775 1719 Quirites.“

348 1737 839 1790 Sententiahaecest:
874 1735 1087 1796 „Quum
1120 1750 1199 1781 me
1232 1733 1561 1800 fortunasque
1595 1737 2045 1798 meas—devovi,a
2080 1739 2196 1787 Iove
2225 1739 2429 1806 Optimo
2448 1740 2671 1788 Maximo

215 1829 446 1890 precatus
480 1836 606 1877 sum,
642 1827 700 1865 ut
733 1816 1084 1881 sempiternam
1116 1830 1330 1880 poenam
1362 1816 1671 1879 sustinerem,
1693 1819 1732 1866 si
1767 1836 1900 1867 meas
1935 1820 2150 1868 rationes
2191 1837 2438 1886 umquam
2485 1830 2675 1869 vestrae

217 1902 363 1952 saluti
413 1898 828 1964 anteposuissem;
881 1903 938 1943 ut
970 1910 1090 1942 vero
1123 1909 1230 1952 VOS,
1275 1897 1441 1940 Patres
1487 1893 1806 1961 Conscriptos
1839 1926 1905 1937 —
1937 1901 2178 1947 memoria
2227 1901 2325 1947 mei
2358 1929 2425 1938 —
2458 1909 2704 1960 teneret,

216 1984 255 2034 si
291 1989 340 2031 et
374 1998 444 2040 ea,
481 1994 609 2046 quae
644 1983 760 2026 ante
787 1990 1044 2043 gesseram,
1057 1971 1425 2026 conservandae
1461 1972 1669 2023 civitatis
1704 1992 1850 2026 causa
1883 1979 2148 2045 gessissem,
2184 1988 2231 2029 et
2266 1978 2403 2028 illam
2435 1980 2672 2031 miseram

213 2053 577 2130 profectionem
608 2067 800 2107 vestrae
834 2057 1005 2104 salutis
1037 2054 1193 2120 gratia
1227 2053 1565 2118 suscepissem,
1603 2072 1661 2104 eo
1698 2058 1921 2117 consilio,
1958 2069 2028 2117 ut,
2064 2060 2205 2125 quod
2237 2060 2413 2108 odium
2447 2060 2670 2108 scelerati

131 2201 141 2207 .
212 2141 438 2190 homines
470 2167 537 2177 —
570 2137 899 2193 continerent,
935 2133 989 2182 id
1037 2134 1090 2181 in
1133 2149 1213 2179 me
1266 2148 1369 2180 uno
1401 2160 1469 2169 —
1502 2132 1752 2183 deficeret.
1838 2137 2005 2202 Atque
2056 2136 2208 2185 huius
2261 2137 2539 2186 devotionis
2592 2156 2673 2186 me

216 2237 318 2269 esse
347 2214 933 2267 convictum—laetor.“
961 2211 1210 2270 Particula
1231 2212 1387 2278 quod,
1409 2212 1460 2259 in
1481 2210 1651 2259 limine
1668 2214 1819 2261 totius
1839 2215 2106 2262 sententiae
2117 2215 2290 2280 posita,
2309 2216 2416 2262 vice
2428 2214 2669 2280 fungitur,

219 2317 322 2347 non
356 2297 548 2345 relativi
580 2294 907 2360 pronominis,
943 2290 1031 2339 sed
1065 2291 1448 2348 coniunctionis,
1485 2309 1587 2357 qua
1621 2295 1889 2340 transitum
1937 2294 2029 2341 sibi
2075 2304 2254 2360 parant
2311 2294 2549 2342 Oratores
2602 2294 2670 2341 ad

214 2398 395 2428 novam
429 2396 538 2425 rem
572 2373 932 2439 exponendam.
978 2373 1060 2418 Uti
1094 2389 1188 2435 pro
1207 2371 1391 2427 Planc.‚
1428 2389 1469 2418 c.
1506 2375 1583 2420 28.
1614 2374 1787 2431 „Nam,
1824 2374 1965 2438 quod
1998 2376 2082 2432 ais,
2119 2375 2267 2432 Cassi,
2304 2392 2406 2422 non
2439 2376 2553 2440 plus
2587 2392 2670 2421 me

214 2458 415 2507 Plancio
452 2455 652 2511 debere,
690 2469 843 2518 quam
876 2449 1021 2498 honis
1055 2447 1304 2504 omnibus,
1343 2447 1483 2512 quod
1517 2449 1574 2517 iis
1609 2468 1766 2514 aeque
1826 2469 1936 2497 mea
1988 2454 2118 2498 salus
2174 2470 2289 2498 cara
2340 2452 2529 2512 fuerit3
2580 2470 2668 2517 ego

214 2555 294 2584 me
329 2534 515 2584 debere
549 2532 695 2580 bonis
726 2528 958 2578 omnibus
993 2527 1201 2576 fateor.“
1235 2528 1286 2573 in
1307 2527 1486 2585 Vatin.,
1524 2546 1565 2575 c.
1590 2530 1634 2576 3.
1669 2528 1828 2587 „Nam
1848 2527 1987 2594 quod
2002 2527 2122 2575 mihi
2146 2526 2419 2575 discessum
2439 2528 2666 2577 obiecisti

213 2615 384 2666 meum
416 2644 482 2653 —
515 2622 711 2661 tantum
744 2611 834 2658 tibi
871 2607 1180 2676 respondeo“
1209 2617 1300 2655 etc.
1335 2607 1401 2654 ad
1434 2609 1569 2657 Fam.
1607 2612 1689 2668 ΙΙΙ,
1719 2610 1762 2657 5.
1795 2608 1986 2672 „Quod
2018 2608 2257 2655 itinerum
2289 2624 2520 2655 meorum
2542 2610 2669 2657 ratio

214 2706 262 2744 te
297 2693 596 2742 nonnullam
638 2692 689 2737 in
736 2689 1104 2737 dubitationem
1145 2687 1347 2736 videtur
1391 2687 1668 2746 adducere,
1721 2689 1984 2735 visurusne
2033 2704 2112 2734 me
2156 2688 2219 2734 sis
2271 2688 2323 2734 in
2371 2689 2664 2753 provincia3

214 2795 273 2826 ea
307 2792 384 2824 res
419 2775 489 2823 sic
525 2791 574 2823 se
609 2771 809 2820 habet.“
843 2772 923 2819 Ex
958 2770 1050 2819 hac
1087 2788 1154 2830 re,
1190 2779 1239 2818 et
1272 2788 1332 2819 ex
1366 2787 1439 2829 eo,
1486 2767 1626 2838 quod
1676 2769 1919 2817 sententia
1967 2768 2163 2834 longior
2209 2776 2358 2834 atque
2410 2769 2664 2820 incitatior

215 2868 301 2919 est,
340 2875 493 2925 quam
526 2872 618 2924 pro
654 2855 794 2902 initio
830 2854 1081 2911 orationis,
1097 2862 1208 2901 tum
1243 2853 1362 2920 quia
1393 2868 1495 2900 c.2.
1533 2850 1988 2918 quaeritScriptor:
2029 2849 2285 2913 Quorsum
2301 2847 2661 2915 haecdisputo,

218 2949 368 3006 atque
404 2939 507 3004 ipse
527 2934 809 3003 respondet,
826 2944 884 2981 ut
917 2934 1693 3000 intelligerepossitis,neminem
1712 2947 1947 2998 umquam
1962 2938 2104 2976 tanta
2121 2929 2407 2996 eloquentia
2404 2929 2664 2994 fuisse—-

214 3023 306 3088 qui
358 3028 639 3069 vestrorum
694 3014 1096 3081 magnitudinem
1146 3014 1620 3080 multitudinemque
1677 3011 2034 3076 beneficiorum
2073 3039 2139 3051 —
2182 3010 2426 3075 consequi
2467 3012 2633 3075 possit
2642 3028 2664 3071 ;

213 3108 467 3168 postremo
503 3097 624 3163 quia
659 3097 710 3145 in
744 3093 837 3143 hac
872 3093 1095 3143 oratione
1129 3093 1317 3143 mentio
1352 3093 1494 3143 nulla
1527 3091 1583 3141 fit
1616 3092 1689 3141 rei
1725 3090 2090 3149 frumentariae,
2136 3104 2262 3155 quae
2295 3088 2531 3155 princeps
2562 3088 2663 3139 fuit

216 3198 365 3230 causa
400 3175 756 3229 concionandi:
793 3176 901 3224 iure
948 3173 1092 3222 nobis
1142 3174 1382 3239 suspicari
1426 3172 1672 3231 videmur,
1712 3172 1933 3239 priorem
1982 3170 2129 3218 huius
2179 3168 2414 3218 orationis
2467 3178 2666 3235 partem

217 3259 534 3327 deperditam
568 3273 684 3315 esse,
723 3273 825 3322 qua
852 3253 1087 3303 videlicet
1121 3252 1184 3301 de
1217 3262 1456 3320 potestate
1499 3254 1572 3302 rei
1616 3251 1970 3301 frumentariae
2012 3248 2247 3314 Pompeio
2301 3249 2664 3299 committenda

216 3350 460 3405 ageretur.
499 3337 593 3402 (Cf.
630 3352 758 3404 quae
792 3352 945 3402 supra
980 3332 1229 3399 disputata
1264 3342 1382 3385 sunt
1413 3351 1462 3400 p.
1497 3333 1586 3398 X.)
1646 3329 1801 3398 Quod
1833 3338 1990 3383 totam
2030 3329 2301 3380 sententiae
2353 3337 2662 3382 structuram
