3007 3888
268 107 291 119 Ὀ·

326 172 498 226 xxlv

332 302 389 353 id
424 302 566 373 quod
599 316 689 369 ego
722 301 900 360 sentio,
933 301 1146 351 numine
1179 317 1272 351 suo
1306 300 1529 350 reditum
1560 315 1735 349 meum
1768 301 1999 352 dicerent
2033 306 2396 374 comprobasse,
2428 307 2662 359 nonnulli
2696 325 2784 359 au·

329 396 435 436 tem
468 385 606 433 illam
639 400 749 431 rem
783 382 851 432 ad
882 383 1132 432 rationem
1165 383 1609 449 coniecturamque
1658 380 1976 430 revocabant.
2013 381 2134 445 Qui,
2186 387 2328 455 quod
2372 389 2426 438 in
2457 404 2572 439 meo
2614 387 2784 440 reditu

331 483 448 534 spes
480 466 568 514 otii
602 473 653 513 et
687 463 991 516 concordiae
1025 466 1117 513 sita
1149 462 1430 520 videbatur,
1491 462 1544 510 in
1579 459 1802 510 discessu
1834 469 2004 510 autem
2046 462 2118 524 (h.
2151 483 2194 514 e.
2234 467 2573 521 Cicer-aniano
2615 487 2773 530 more,

330 547 588 610 absentia)
633 545 962 613 quotidianus
995 545 1250 595 seditionis
1282 545 1450 601 timor,
1503 542 1602 590 iam
1634 557 1793 609 paene
1826 539 1949 589 belli
1984 539 2196 608 depulso
2227 557 2384 609 metu,
2426 558 2784 600 commutatum

329 644 585 676 annonam
605 625 867 676 dicebant:
901 643 1029 693 quae
1062 625 1182 691 quia
1215 639 1389 671 rursus
1424 623 1475 670 in
1508 639 1622 670 meo
1656 622 1824 671 reditu
1859 623 1991 674 facta
2023 634 2130 682 erat
2161 625 2357 689 durior,
2391 631 2512 693 (hoc
2544 641 2623 681 est
2655 633 2787 682 illud

331 708 569 766 biduum,
604 710 667 756 de
700 724 804 776 quo
836 707 906 755 ad
937 708 1168 754 Atticum
1199 702 1400 765 scribit)
1435 720 1463 750 a
1495 719 1591 760 me,
1627 702 1772 751 cuius
1805 702 2026 753 adventu
2060 705 2169 755 fore
2210 707 2456 759 vilitatem
2505 711 2627 762 boni
2686 711 2782 762 viri

329 788 645 848 dictitabant,
681 805 877 837 annona
909 785 1315 852 flagitabatur.““
1348 781 1491 846 Quid
1525 781 1723 831 adhaec
1737 781 1983 832 Wolfius?
2013 783 2574 855 „Credamus,“inquit‚
2606 789 2784 856 »¹1¹10d

329 870 586 932 iubemur,
621 869 708 918 illo
743 871 851 931 ipso
884 867 986 925 die,
1023 883 1184 933 quum
1218 864 1281 912 de
1319 864 1430 911 viro
1465 861 1758 911 reducendo
1799 862 1882 910 lex
1922 871 2047 911 esset
2079 866 2284 936 perlata,
2319 866 2402 915 vel
2441 867 2593 916 etiam
2623 876 2782 927 antea,

330 965 495 1015 quum
528 947 582 995 id
614 947 821 995 Senatus
854 941 1294 1013 decresset,'subito
1329 942 1609 990 carissimae
1643 959 1870 990 annonae
1903 958 1999 991 nec
2033 942 2287 1009 opinatam
2318 945 2561 996 vilitatem
2588 960 2782 998 succes-

329 1028 461 1075 sisse.
499 1027 564 1074 At
596 1026 788 1091 aliquot
819 1022 1000 1071 diebus
1032 1031 1158 1088 post,
1192 1030 1343 1086 atque
1378 1019 1473 1067 sub
1509 1021 1674 1086 ipsum
1708 1020 1930 1069 reditum
1942 1021 2213 1081 Ciceronis,
2236 1041 2424 1074 rursus
2439 1026 2782 1095 durior-facta

328 1117 405 1158 est
440 1124 642 1157 annona
666 1124 681 1153 .·
718 1113 837 1153 ante
870 1102 1047 1152 oculos
1073 1103 1393 1169 propositum
1427 1111 1539 1149 erat
1567 1101 1877 1169 periculum,
1890 1116 1993 1150 non
2028 1105 2128 1150 iam
2160 1105 2353 1153 caritas
2371 1105 2665 1167 timebatur,
2693 1109 2785 1158 sed

323 1191 478 1258 plane
511 1191 681 1255 inopia
713 1203 776 1235 ac
795 1186 1006 1253 fames;
1039 1186 1266 1253 adeoque
1301 1184 1363 1232 ab
1399 1186 1507 1251 ipso
1542 1199 1747 1231 annona
1767 1182 2151 1248 flagitabatur.-
2188 1184 2277 1233 Or.
2312 1202 2406 1253 pro
2426 1185 2580 1236 domo
2614 1190 2664 1250 S.
2707 1208 2778 1239 11.

324 1272 449 1318 Nam
484 1267 774 1317 calamitatis
808 1282 1010 1314 causam
1043 1266 1095 1313 in
1130 1266 1236 1332 ipso
1272 1265 1516 1313 Cicerone
1558 1281 1661 1313 esse
1708 1263 1936 1312 Clodiani
1981 1264 2275 1326 clamabant,
2331 1275 2388 1315 ut
2428 1277 2666 1319 narratur
2714 1271 2780 1320 ad

323 1350 469 1399 Attic.
507 1349 539 1397 l.
575 1348 606 1396 1.
645 1348 734 1396 His
769 1363 887 1414 ergo
922 1346 1102 1395 diebus
1137 1346 1217 1410 (eo
1252 1344 1426 1404 bidnn,
1462 1345 1603 1412 quod
1635 1346 1860 1412 primum
1894 1347 1994 1414 egit
2029 1348 2081 1396 in
2114 1347 2271 1413 Urbe)
2304 1348 2616 1414 Ciceronem,
2638 1361 2777 1421 puto,

322 1429 541 1481 credidit
572 1427 917 1487 Marklandus,
954 1426 1018 1477 de
1052 1427 1220 1494 priore
1256 1426 1339 1474 illa
1372 1426 1542 1476 subita
1575 1427 1763 1476 vilitate
1797 1427 1937 1495 loqui
1972 1428 2116 1477 nullo
2148 1429 2301 1480 modo
2328 1433 2599 1499 potuisse.“
2663 1435 2778 1484 Mea

324 1511 566 1562 sententia
632 1509 838 1558 tolletur
890 1509 1053 1558 omnis
1113 1507 1400 1566 difficultas,
1456 1509 1495 1556 si
1549 1509 1834 1574 repentinas
1885 1511 2299 1559 commutationes
2350 1513 2423 1561 rei
2477 1515 2779 1564 annonariae

321 1592 473 1642 factas
507 1608 610 1639 esse
645 1591 918 1657 cogitemus
953 1607 1105 1656 opera
1158 1598 1207 1636 et
1257 1587 1467 1637 artificio
1511 1587 1750 1654 Pompeii,
1802 1589 1891 1654 qui
1943 1589 2016 1637 rei
2070 1588 2426 1640 frumentariae
2481 1602 2775 1659 potestatem

322 1679 601 1737 quaereret,
638 1679 796 1735 utque
832 1687 888 1715 ea
922 1668 1015 1716 sibi
1051 1667 1273 1726 daretur,
1317 1686 1409 1735 per
1453 1668 1749 1717 Ciceronem
1790 1670 2005 1716 maxime
2046 1686 2097 1718 se
2148 1670 2497 1736 perfecturum
2539 1685 2774 1740 speraret.

323 1752 448 1799 Erat
475 1751 626 1816 igitur
658 1749 940 1814 Pompeius,
977 1748 1066 1813 qui
1099 1747 1278 1796 furtim
1311 1747 1546 1806 efficeret,
1583 1757 1640 1796 ut
1675 1749 1763 1797 illo
1798 1749 1905 1815 ipso
1941 1749 2036 1808 die,
2073 1768 2176 1817 quo
2195 1753 2405 1802 Senatus
2440 1755 2504 1803 de
2521 1756 2776 1808 Ciceronis

326 1830 562 1898 dignitate
595 1828 901 1887 decreverat,
949 1828 1255 1877 carissimam
1297 1845 1547 1878 annonam
1594 1845 1688 1877 nec
1746 1830 1947 1896 opinata
1987 1829 2149 1878 vilitas
2191 1843 2606 1900 consequeretur3
2671 1840 2777 1887 erat

324 1912 606 1980 Pompeius,
644 1911 732 1978 qui
767 1908 939 1958 dolose
975 1918 1190 1966 curaret,
1227 1917 1285 1956 ut
1316 1910 1369 1956 in
1402 1909 1507 1955 eius
1542 1908 1711 1957 reditu
1745 1924 1922 1956 rursus
1955 1925 2153 1957 annona
2186 1908 2328 1959 fieret
2381 1911 2582 1976 durior3
2633 1927 2775 1966 erant

320 1991 625 2057 Pompeiani,
639 1990 727 2056 qui
750 1987 1400 2047 dictitarent,eiusadventu
1434 1988 1542 2038 fore
1576 1987 1829 2037 vilitatem.
1873 1986 2238 2054 NequeCicero
2269 1989 2473 2040 videtur
2505 1992 2609 2060 ipse
2629 1993 2777 2045 dubi-

324 2079 464 2127 tasse,
518 2068 643 2134 quin
689 2083 887 2114 annona
922 2065 1301 2125 convalesceret,
1338 2083 1396 2115 ac
1428 2066 1669 2115 frumenti
1701 2066 1844 2133 copia
1876 2066 2078 2128 rediret,
2120 2069 2159 2117 si
2206 2071 2442 2138 Pompeio
2484 2072 2599 2123 data
2651 2087 2776 2126 esset

326 2149 476 2199 huius
492 2149 562 2196 rei
581 2156 809 2214 potestas.
846 2148 1058 2214 Propter
1074 2145 1202 2195 hanc
1233 2164 1433 2196 causam
1445 2147 1630 2195 Orator
1649 2149 1703 2195 in
1720 2145 1814 2195 hac
1832 2147 1992 2213 prima
2009 2156 2120 2214 post
2130 2148 2351 2200 reditum
2368 2150 2533 2202 habita
2551 2156 2774 2205 oratione

321 2228 576 2297 significat,
612 2227 721 2275 fore
757 2236 814 2275 ut
846 2243 1045 2274 annona
1077 2227 1357 2286 levaretur3
1394 2228 1445 2273 in
1475 2227 1631 2274 altera
1657 2227 1721 2291 (c.
1749 2229 1830 2290 8.),
1868 2243 2030 2293 quum
2071 2229 2124 2275 in
2164 2229 2319 2294 ipsius
2362 2234 2656 2283 sententiam
2690 2236 2775 2284 Se-

322 2308 762 2359 natusconsultum
796 2316 922 2355 esset
955 2305 1160 2363 factum,
1197 2315 1254 2353 ut
1302 2322 1419 2353 cum
1476 2307 1713 2372 Pompeio
1763 2314 2007 2372 ageretur,
2058 2315 2114 2354 ut
2168 2325 2277 2356 eam
2326 2327 2436 2358 rem
2485 2313 2772 2380 susciperet,

323 2394 506 2459 lexque
541 2390 776 2447 ferretur,
813 2386 1041 2446 affirmat,
1077 2402 1247 2434 secum
1282 2403 1384 2433 esse
1419 2386 1622 2453 frugum
1656 2387 1936 2436 ubertatem
1969 2388 2271 2451 restitutam3
2308 2391 2359 2438 in
2393 2394 2538 2441 tertia
2554 2393 2773 2462 denique

321 2491 416 2543 pro
452 2473 602 2522 domo
637 2473 700 2534 (c.
737 2472 829 2539 7.),
868 2487 1028 2537 quum
1063 2468 1304 2517 Consules
1339 2468 1497 2536 legem
1527 2470 1941 2537 perscripsissent,
1978 2488 2080 2538 qua
2111 2472 2348 2538 Pompeio
2364 2489 2456 2539 per
2491 2474 2775 2541 quinquen-

321 2557 465 2603 nium
499 2554 661 2602 omnis
694 2561 908 2618 potestas
942 2551 1014 2598 rei
1049 2551 1405 2598 frumentariae
1436 2559 1542 2598 toto
1577 2549 1699 2597 orbe
1729 2558 1980 2597 terrarum
2014 2548 2234 2606 daretur,
2279 2551 2641 2616 rempublicam
2689 2574 2774 2603 an-

319 2653 481 2685 nonae
516 2634 720 2682 nomine
757 2633 810 2679 in
844 2630 899 2679 id
932 2629 1218 2689 discrimen,
1255 2646 1356 2696 quo
1389 2640 1564 2680 vocata
1597 2640 1735 2690 esset,
1769 2647 1874 2679 non
1910 2647 2012 2678 esse
2045 2638 2310 2679 venturam
2344 2630 2479 2680 dicit.
2514 2632 2696 2702 Atque,
2717 2645 2774 2684 ut

324 2721 427 2786 ipse
462 2714 792 2766 Marklandus
827 2714 908 2774 ait,
942 2712 1291 2762 Middletonus
1322 2731 1438 2762 vere
1472 2722 1644 2762 narrat
1680 2714 1733 2762 in
1765 2713 1851 2762 vit.
1889 2712 1994 2762 Cic.
2031 2713 2090 2762 T.
2127 2713 2190 2773 ΙΙ,
2225 2732 2273 2781 p.
2312 2715 2364 2781 ι5.
2409 2731 2571 2783 seqq:
2628 2719 2773 2767 Pom-

322 2798 486 2864 peiani
520 2796 740 2846 nominis
797 2794 1093 2843 auctoritate
1136 2794 1374 2841 continuo
1414 2793 1627 2840 levatam
1670 2809 1773 2840 esse
1816 2809 2080 2853 annonam,
2125 2791 2334 2861 eiusque
2375 2797 2469 2845 viri
2517 2797 2771 2865 diligentia

324 2888 474 2946 atque
510 2877 862 2945 procuratione
895 2873 1132 2923 omnibus
1165 2873 1286 2922 locis
1318 2875 1564 2922 vilitatem
1598 2881 1892 2920 revocatam.
1928 2873 2096 2936 (Conf.
2146 2875 2362 2924 Cicero's
2394 2876 2560 2926 Briefe
2603 2878 2768 2928 fiber&

323 2960 431 3008 und
477 2959 653 3007 erlaut.
691 2976 736 3005 v.
789 2959 841 3002 C.
885 2956 960 3007 M.
1001 2954 1256 3012 Wieland,
1299 2955 1540 3021 Stuttgart
1591 2953 1726 3014 1814,
1766 2953 1852 3002 Bd.
1889 2954 1953 3014 II,
1986 2956 2036 3008 S.
2077 2957 2182 3022 139.
2217 2959 2349 3024 sqq.)
2381 2987 2445 2998 —
2478 2959 2773 3026 Sequuntur

325 3040 546 3106 exempla
580 3038 788 3106 puerilis
825 3038 1022 3104 ingenii,
1058 3036 1309 3085 affectatae
1344 3035 1591 3094 dictionis,
1624 3035 1998 3105 verborumque
2033 3038 2322 3088 contraCic.
2357 3055 2507 3088 usum
2527 3036 2769 3106 loquendi

326 3133 692 3190 usurpatorum.

454 3204 505 3250 C.
545 3221 588 3256 2,
622 3204 781 3261 „Nam
815 3202 1056 3250 Consules
1091 3200 1310 3252 modesti
1339 3200 1608 3266 legumque
1642 3207 1916 3248 metuentes
1952 3199 2356 3265 impediebantur
2389 3200 2510 3265 lege.
2565 3197 2676 3247 Non
2696 3215 2766 3257 ea,

327 3301 453 3348 quae
490 3284 550 3330 de
585 3303 678 3341 me,
716 3283 804 3331 sed
837 3300 965 3348 quae
999 3281 1062 3331 de
1097 3283 1214 3348 ipsis
1251 3281 1347 3329 lata
1381 3288 1512 3339 erat3
1549 3296 1712 3345 quum
1743 3296 1884 3327 meus
1934 3278 2167 3327 inimicus
2199 3276 2555 3345 promulgavit:
2605 3283 2674 3335 ut,
2726 3275 2765 3324 si

325 3362 616 3411 revixissent
649 3364 697 3423 ii,
716 3363 804 3428 qui
833 3362 953 3413 haec
987 3380 1144 3429 paene
1180 3361 1431 3422 delerunt,
1467 3369 1576 3409 tum
1612 3375 1700 3428 ego
1734 3359 1968 3410 redirem.
2022 3357 2139 3422 Quo
2171 3358 2306 3407 facto
2340 3364 2614 3422 utrumque
2647 3371 2765 3404 con-

2696 3496 2738 3513 ης·
