3007 3888
2451 158 2637 209 XXXI

179 286 312 351 46.)‚v
329 293 445 335 tum
475 286 644 335 verbis
678 295 729 334 et
746 281 995 334 'formulis
1029 280 1232 330 dicendi
1265 281 1334 344 (c.
1366 296 1414 346 9.
1449 281 1572 346 38.);
1622 282 1721 331 alia
1763 282 1928 348 inepte
1979 283 2046 346 (5.
2080 281 2159 344 4ο.
2190 283 2291 351 57.)
2333 297 2439 330 esse
2484 280 2635 339 dicta,

175 379 344 432 neque
376 374 436 413 ut
469 356 775 411 Ciceronem
793 362 1007 410 moeret.

307 447 387 496 De
419 444 560 495 omni
589 443 828 493 orationis
861 443 1095 495 decursu.
1116 451 1168 490 et
1180 443 1334 490 modo
1367 456 1520 509 supra
1553 444 1867 508 dIsputatum
1900 453 1988 502 est,
2021 459 2072 510 p.
2106 445 2224 507 XI.;
2259 445 2481 512 singulos
2497 443 2635 493 locos

177 523 358 570 eodem
388 523 584 580 ordine,
618 538 724 587 quo
747 522 965 571 indicati
993 529 1115 570 sunt
1143 538 1184 569 a,
1208 523 1440 580 Censom,
1472 538 1614 570 nunc
1647 521 1983 569 examinaturi
2017 537 2203 569 sumus.

310 603 367 654 C.
409 603 482 664 ¹4·
514 607 624 663 „Ita
655 605 873 671 populus
904 605 1159 653 Romanus
1190 602 1346 670 brevi
1366 610 1593 668 tempore
1627 615 1796 667 neque
1815 601 2003 666 Regem
2026 616 2300 661 sacrorum,
2335 618 2501 669 neque
2519 602 2633 651 Fla-

176 686 352 744 mines,
385 699 482 735 nec
513 684 674 734 Salios
696 683 924 742 habebit,
941 699 1053 732 -nec
1086 700 1149 733 ex
1180 691 1321 750 parte
1357 681 1566 731 dimidia
1600 681 1823 748 reliquos
1857 680 2156 738 sacerdotes,
2201 698 2365 748 neque
2400 691 2630 731 auctores

176 766 575 815 centuriatorum
607 774 657 815 et
674 766 990 817 curiatorum
1022 766 1376 824 comitiorum3
1410 762 1734 829 auspiciaque
1767 760 1941 828 populi
1976 762 2206 821 Romani,
2241 762 2281 810 si
2316 764 2630 828 magistratus

174 846 370 913 patricii
405 845 558 894 creati
591 860 695 892 non
725 845 837 903 sint,
873 844 1120 894 intereant
1152 859 1353 892 necesse
1387 849 1474 903 est,
1511 858 1672 909 quum
1687 843 1917 891 Interrex
1935 842 2109 891 nullus
2128 843 2206 902 sit,
2239 842 2382 909 quod
2399 851 2448 890 et
2469 844 2632 908 ipsum

150 926 444 993 -patricium
476 941 595 982 esse,
629 933 679 972 et
711 943 740 972 a
771 925 981 992 patricio
1015 924 1163 990 prodi
1197 940 1399 972 necesse
1434 930 1557 973 est.“

306 1004 595 1071 Dupliciter
633 1005 863 1073 imperite
897 1004 1071 1053 fecisse
1105 1003 1154 1053 h.
1189 1003 1222 1052 l.
1257 1004 1487 1070 Scriptor
1519 1004 1748 1070 arguitur
1780 1022 1808 1052 a
1839 1003 2041 1053 Wolfio.
2090 1005 2337 1061 Primum,
2375 1003 2515 1069 quod
2548 1021 2635 1070 pa-

176 1083 347 1132 tricios
381 1083 531 1130 etiam
562 1091 675 1130 tum
707 1085 898 1149 putarit
926 1091 1155 1132 auctores
1173 1081 1331 1131 factos
1352 1081 1688 1140 comitiorum,
1725 1081 1780 1130 id
1800 1082 1940 1150 quod
1955 1084 2132 1150 priscis
2157 1083 2371 1150 quidem
2391 1083 2633 1132 aetatibus

174 1171 355 1214 verum
386 1162 556 1222 fuerit,
590 1179 695 1211 non
728 1162 1070 1223 Ciceroniana,
1104 1180 1207 1231 qua
1237 1162 1528 1230 patriciatus
1561 1166 1750 1213 nemini
1783 1167 1918 1214 viam
1950 1167 2003 1214 in
2037 1167 2279 1214 Senatum
2322 1174 2411 1213 aut
2443 1168 2635 1233 praeci-

173 1260 338 1309 puum
370 1242 543 1292 locum
573 1241 731 1300 daret,
765 1241 855 1291 sed
888 1242 973 1291 illa
1005 1244 1291 1302 auctoritaS,
1326 1244 1366 1291 si
1400 1239 1553 1294 modo
1586 1245 1762 1305 fuerit,
1821 1264 1924 1295 esse
1959 1247 2194 1295 debuerit
2226 1247 2466 1305 Senatus,
2503 1248 2535 1295 i.
2573 1264 2632 1305 e.,

174 1323 397 1392 Petrum,
432 1337 536 1370 non
569 1321 919 1387 patriciorum3
963 1321 1163 1385 deinde,
1200 1323 1343 1390 quod
1363 1325 1484 1371 tanti
1503 1327 1694 1390 putarit
1728 1324 1857 1373 hanc
1890 1342 2093 1373 omnem
2124 1343 2247 1383 rem,
2283 1324 2426 1391 quod
2460 1327 2632 1373 Patres

174 1407 406 1448 auctores
440 1396 619 1446 fierent
651 1416 853 1459 eorum,
889 1418 1016 1467 quae
1049 1403 1268 1469 populus
1302 1405 1354 1453 in
1389 1405 1603 1454 comitiis
1637 1405 1869 1462 iussisset,
1904 1403 1952 1452 h.
1991 1421 2049 1464 e.,
2085 1421 2148 1452 ex
2181 1412 2353 1451 nostro
2386 1402 2633 1469 loquendi

175 1495 332 1537 more,
369 1478 738 1539 confirmarent,
773 1480 1122 1548 approbarent,
1156 1492 1264 1532 rata
1295 1484 1518 1535 facerent
1550 1484 1725 1552 populi
1761 1485 1896 1533 scita.
1949 1485 2017 1532 At
2048 1483 2172 1532 mihi
2208 1483 2552 1550 colligendum
2572 1500 2636 1532 ex

100 1604 109 1610 .
174 1556 273 1608 hoc
306 1556 418 1607 loco
439 1557 655 1619 videtur,
689 1576 794 1608 non
826 1561 1054 1610 omnium
1084 1562 1384 1614 Senatorum
1416 1563 1581 1623 fuisse,
1617 1572 1674 1611 ut
1708 1564 2030 1612 comitiorum
2064 1571 2292 1611 auctores
2313 1561 2506 1621 fierent,
2542 1561 2634 1611 sed

173 1628 354 1686 eorum
385 1646 597 1697 tantum,
632 1640 721 1705 qui
755 1649 898 1688 erant
930 1657 992 1688 ex
1025 1641 1204 1690 ordine
1238 1644 1463 1709 patricio.
1534 1642 1691 1706 Quod
1725 1643 1902 1691 Livius
1937 1642 2201 1691 confirmat
2232 1644 2318 1701 VI,
2356 1643 2434 1703 42.
2470 1643 2627 1709 „quia

171 1718 370 1782 patricii
402 1734 454 1766 se
488 1726 719 1767 auctores
751 1719 950 1769 futuros
982 1721 1280 1786 negabant.“
1312 1732 1361 1770 et
1394 1723 1658 1772 Sallustius
1692 1723 1815 1770 Hist.
1849 1721 1936 1781 ΙΙΙ,
1972 1739 2045 1770 or.
2082 1723 2289 1770 Licinii:
2339 1721 2530 1780 „libera
2563 1721 2628 1770 ab

174 1797 464 1846 auctoribus
498 1799 716 1863 patriciis
749 1798 980 1865 suffragia
1011 1801 1224 1850 maiores
1257 1802 1408 1850 vestri
1444 1807 1735 1868 paravere.“
1779 1799 1920 1848 Idem
1947 1818 2010 1848 ex
2043 1817 2102 1848 eo
2138 1799 2347 1865 intelligi
2383 1799 2631 1866 quodam·

172 1874 327 1924 modo
360 1885 534 1942 potest,
569 1876 710 1943 quod
743 1893 994 1943 nusquam
1008 1896 1102 1945 pro
1130 1881 1367 1947 patribus
1388 1882 1441 1929 in
1463 1881 1555 1929 bac
1572 1879 1791 1929 formula
1810 1888 2075 1946 ponuntur
2092 1880 2383 1929 Senatores.
2420 1880 2630 1929 Etenim
2644 1935 2674 1952 ff

171 1957 212 2006 si
233 1957 400 2006 Patres
431 1975 535 2006 non
569 1957 831 2007 differrent
862 1977 891 2006 a
923 1959 1261 2021 Senatoribus,
1298 1962 1426 2029 quid
1461 1979 1637 2011 causae
1674 1971 1823 2020 esset,
1851 1978 1946 2010 cur
1979 1963 2166 2011 Patres
2199 1979 2396 2029 semper
2443 1962 2495 2008 in
2529 1961 2623 2009 hac

171 2037 484 2103 loquutione,
520 2040 796 2089 Senatores
827 2059 1123 2108 numquam,
1158 2042 1561 2108 appellarentur?
1637 2042 1794 2105 Quod
1827 2042 1894 2090 ad
1935 2041 2152 2089 alterum
2193 2042 2386 2088 crimen
2417 2041 2626 2098 attinet,

173 2118 361 2168 Orator
389 2118 487 2169 hoc
520 2129 718 2170 tantum
750 2121 914 2171 voluit
946 2120 1139 2170 dicere:
1184 2123 1224 2171 si
1259 2123 1388 2171 nulli
1417 2123 1614 2189 patricii
1650 2130 1980 2188 superessent,
2027 2129 2256 2169 auctores
2308 2120 2631 2169 comitiorum

171 2215 276 2247 non
311 2199 605 2249 habiturum
634 2219 736 2250 esse
770 2202 1019 2269 populum
1048 2203 1347 2251 Romanum.
1414 2203 1474 2250 In
1525 2220 1629 2269 quo
1682 2203 1949 2251 Planciana
1991 2217 2096 2249 non
2155 2201 2456 2248 adversatur
2504 2200 2628 2249 huic

169 2281 406 2340 orationi,
452 2283 681 2348 quamvis
727 2282 895 2331 tradat
919 2284 988 2346 (S.
1034 2284 1140 2348 8.),-
1165 2285 1335 2331 Patres
1386 2281 1523 2349 apud
1556 2282 1769 2329 maiores
1801 2288 1974 2328 tenere
2006 2295 2110 2326 non
2151 2279 2394 2346 potuisse,
2441 2287 2498 2326 ut
2546 2296 2625 2327 re-

168 2359 497 2428 prehensores
538 2369 701 2411 essent
750 2364 1086 2413 comitiorum.
1155 2363 1283 2414 Nam
1323 2371 1445 2412 teste
1479 2362 1624 2411 Livio
1660 2359 1792 2420 VIII,
1840 2376 1917 2408 12.
1951 2377 1978 2407 a
2010 2359 2268 2408 Dictatore
2302 2358 2521 2408 Publilio
2543 2359 2627 2409 lex

168 2440 267 2488 lata
283 2449 373 2499 est,
408 2448 465 2488 ut
480 2440 661 2508 legum,
699 2459 827 2508 quae
852 2445 1066 2493 comitiis
1099 2444 1387 2494 centuriatis
1430 2442 1690 2491 ferrentur
1723 2449 1837 2487 ante
1872 2439 2056 2487 initum
2097 2439 2392 2504 suffragium
2435 2441 2624 2488 Patres

167 2528 405 2568 auctores
438 2518 632 2575 fierent.
684 2522 943 2572 Consentit
974 2526 1115 2573 Brut.
1151 2541 1194 2574 c.
1238 2525 1310 2585 14.
1367 2523 1472 2582 ,,Μ.
1511 2522 1739 2578 Curium,
1787 2517 1929 2586 quod
1965 2519 2004 2566 is
2041 2517 2301 2566 Tribunus
2355 2518 2516 2584 plebis
2556 2549 2623 2560 —

169 2599 357 2648 Patres
381 2609 502 2649 ante
533 2612 772 2651 auctores
789 2602 898 2652 fieri
919 2605 1150 2671 coegerit,
1186 2604 1327 2671 quod
1343 2603 1441 2652 fuit
1456 2619 1815 2669 permagnum,
1849 2597 2080 2648 nondum
2111 2599 2215 2664 lege
2237 2599 2437 2646 Maenia
2470 2599 2618 2647 lata.“

169 2676 337 2741 Quid?
383 2681 424 2728 si
456 2682 625 2730 Patres
660 2682 987 2749 cogebantur,
1039 2694 1097 2733 ut
1138 2695 1251 2734 ante
1287 2685 1470 2734 initum
1505 2681 1803 2748 suffragium
1844 2688 2073 2728 auctores
2108 2676 2299 2736 fierent,
2327 2696 2392 2725 an
2421 2677 2617 2729 desine-

163 2758 286 2808 bant
317 2761 523 2809 omnino
556 2771 783 2810 auctores
816 2762 960 2814 fieri?
995 2765 1342 2829 Quamobrem
1379 2765 1658 2814 admodum
1692 2764 1851 2831 perite
1896 2761 2103 2810 videtur
2151 2761 2377 2828 Scriptor
2418 2760 2610 2821 fecisse,

165 2848 224 2887 ut
258 2840 397 2889 illam
429 2842 775 2890 auctoritatem
818 2844 952 2891 inter
993 2846 1106 2893 iura
1146 2847 1477 2913 patriciorum
1519 2845 1727 2913 propria
1767 2851 2197 2892 commemoraret.

299 2922 353 2972 C.
388 2923 460 2972 15.
495 2922 870 2987 „Infirmasunt
888 2926 1054 2991 igitur,
1088 2936 1177 2979 tua
1200 2928 1458 2986 sententia,
1489 2936 1599 2975 acta
1619 2926 1675 2975 C.
1697 2925 1930 2984 Caesaris,
1951 2926 2046 2974 viri
2066 2924 2348 2973 fortissimi?
2379 2924 2615 2973 Minime:

164 3018 332 3070 neque
364 3002 500 3050 enim
531 3020 644 3051 mea
677 3003 775 3051 iam
808 3004 1084 3070 quicquam
1118 3006 1325 3054 interest
1357 3005 1575 3070 exceptis
1606 3003 1682 3052 his
1717 3003 1842 3062 telis,
1895 3019 2024 3068 quae
2059 3019 2121 3052 ex
2153 3001 2286 3050 illius
2330 3001 2617 3052 actionibus

163 3086 218 3134 in
239 3101 412 3134 meum
438 3100 622 3150 corpus
656 3084 873 3133 immissa
892 3093 1060 3134 sunt.“
1117 3084 1387 3135 Mirificam
1408 3102 1510 3133 esse
1532 3083 1749 3135 Wolfius
1781 3084 2028 3132 existimat
2050 3083 2303 3131 Ciceronis
2332 3083 2614 3149 responsio·

163 3183 281 3215 nem
297 3164 363 3215 ad
386 3163 550 3214 Clodii
572 3163 918 3213 obiectionem.
951 3165 1202 3227 „Primo“,
1224 3167 1403 3232 inquit,
1439 3183 1582 3226 „rem
1598 3166 1894 3233 simpliciter
1912 3173 2070 3230 negat,
2102 3163 2244 3212 nulla
2263 3179 2413 3212 causa
2446 3162 2614 3223 allata,

163 3243 283 3292 dein
302 3242 440 3301 dicit,
461 3241 587 3290 nihil
610 3242 844 3293 interesse
864 3260 976 3303 sua,
1010 3261 1150 3294 nu-nc
1171 3247 1223 3295 in
1240 3247 1453 3314 patriam
1473 3242 1688 3301 reducti,
1706 3251 1876 3291 ratane
1898 3251 1947 3291 et
1967 3241 2109 3291 firma
2127 3243 2226 3291 sint
2244 3242 2469 3294 Caesaris
2489 3254 2615 3304 acta,

161 3342 336 3389 necne3
369 3337 635 3394 postquam
668 3326 772 3393 ipse
807 3327 1058 3394 exceperit
1089 3327 1188 3376 tela
1221 3346 1284 3377 ex
1328 3328 1450 3377 actis
1490 3325 1710 3374 Caesaris
1744 3325 1798 3373 in
1830 3340 1881 3373 se
1916 3325 2185 3373 immissa.“
2239 3324 2422 3375 Addit:
2457 3325 2617 3387 „haec
