3007 3888
284 302 441 360 „Post
469 299 581 350 ill'as
611 298 753 364 datas
784 299 976 350 litteras
1008 310 1225 369 sequuta-
1257 309 1330 350 est
1363 317 1562 350 suma
1592 302 1849 352 contentio
1878 302 1948 351 de
1978 305 2150 355 domo.
2185 307 2424 357 Dixinms
2450 305 2598 375 apud
2613 309 2744 358 Pon.-

284 354 1042 450 fficesprtdeaLOctnbt.
1077 380 1941 441 Aetatesestaccutateanobis,
1976 385 2100 434 etsi
2140 385 2476 454 lump-mia
2522 382 2746 436 diceudo

286 463 477 512 fuimus
509 461 724 531 ahquid,
756 472 845 513 aut
878 465 1046 525 etiam,
1080 465 1121 514 si
1154 479 1433 531 numquam
1466 460 1584 510 alias
1616 451 1824 522 ssimus,
1855 469 1973 513 tum
2003 464 2246 530 profecto
2265 467 2416 519 dolor
2461 476 2516 518 et.
2545 468 2743 536 negui-

285 546 413 595 tudo
444 546 552 594 vim
585 544 849 614 quandam
880 546 1026 597 nobis
1060 544 1263 595 dicendi
1297 541 1452 593 dedit.
1486 542 1663 609 Itaque
1696 541 1856 592 oratio
1890 541 2144 592 iuventuti·
2172 554 2373 598 nostrae
2419 546 2593 598 deberi
2636 566 2747 599 non

286 636 478 696 potest:
515 644 675 695 quam
705 627 814 687 tibi,
850 628 1038 676 etiamsi
1072 643 1175 675 non
1208 623 1474 683 desideras,
1507 631 1678 672 tamen
1722 624 1919 674 mittam
1973 623 2088 674 cito.
2093 630 2124 653 “
2189 625 2300 683 Hoc
2347 627 2746 680 illustrissimum

286 708 548 759 Ciceronis
581 709 924 758 testimonium
955 704 1284 757 Marklandus
1308 711 1460 771 negat
1490 701 1818 754 referendum
1850 719 1954 754 esse
1986 701 2054 753 ad
2084 703 2376 764 orationem,
2427 723 2558 774 qua·
2591 709 2743 759 auum

286 804 429 836 nunc
465 795 622 837 exstat
655 787 827 853 (praef.
860 804 909 853 p.
944 788 1022 851 69.
1059 789 1177 849 W..)
1207 786 1346 844 Nam,
1379 786 1634 846 ‚,Priora“,
1669 784 1897 851 inquit„
1899 782 2192 844 ‚duodecim
2223 785 2399 853 capita,
2434 787 2612 853 quinta
2635 787 2742 838 fere

287 869 446 918 totius
470 869 754 932 (orationis)
786 883 922 934 pars,
949 865 1076 915 nihil
1116 866 1316 925 habent,
1363 866 1508 934 quod
1559 865 1626 915 ad
1673 866 1831 933 ipsam
1874 882 1984 915 rem
2026 866 2291 932 pertineat,
2339 864 2742 936 excideruntque

291 951 525 1017 scriptori
555 958 764 1017 praeter
797 949 1084 1013 opinionem
1114 956 1270 1013 atque
1299 947 1607 996 voluntatem
1641 964 1818 995 suam:
1861 945 1954 1014 ipsi
1988 945 2084 995 hoc
2117 963 2210 996 nos
2242 947 2511 998 accredere
2543 966 2638 1015 par
2670 959 2744 999 est

291 1033 340 1092 S.
376 1031 456 1080 32.
490 1030 630 1087 Nam,
666 1028 928 1092 Intelligo,
965 1027 1145 1093 inquit,
1180 1045 1258 1075 me
1287 1027 1446 1094 plura
1497 1038 1653 1077 extra
1699 1045 1910 1076 causam
1957 1029 2170 1085 dixisse,
2220 1044 2372 1095 quam
2423 1026 2517 1077 aut
2570 1032 2743 1095 opinio

292 1111 505 1170 tulerat,
562 1119 654 1159 aut
710 1109 942 1157 voluntas
993 1126 1118 1158 mea.
1189 1107 1347 1172 Quod
1390 1109 1431 1158 si
1477 1109 1545 1158 ita
1590 1117 1710 1169 erat,
1755 1108 1940 1159 licebat
1982 1108 2302 1175 interrogare,
2354 1126 2484 1177 quae
2519 1111 2595 1161 vis
2627 1129 2745 1161 eum

292 1194 540 1259 coegisset,
574 1200 631 1240 ut
660 1199 733 1239 tot
765 1208 1076 1258 supervacua
1108 1192 1264 1240 verba
1296 1200 1488 1241 temere
1521 1189 1871 1259 profunderet.
1940 1191 2009 1240 Et
2064 1192 2152 1258 qui
2195 1191 2287 1240 ista
2320 1191 2374 1239 in
2408 1192 2516 1258 ipso
2569 1191 2743 1241 limine

292 1274 526 1340 digressio
560 1291 588 1320 a
621 1273 876 1339 proposita
907 1290 962 1321 re
998 1274 1234 1322 convenit
1268 1290 1388 1322 cum
1420 1274 1507 1322 illa
1539 1274 1646 1323 veri
1681 1273 1939 1323 Ciceronis
1970 1272 2291 1340 professione.
2337 1271 2454 1336 Qua
2486 1289 2597 1322 rem
2630 1291 2659 1322 a
2691 1288 2743 1323 se

289 1362 519 1403 accurate
553 1361 717 1403 actam
750 1353 985 1403 scribit?“
1018 1354 1112 1405 Cui
1149 1354 1220 1404 sic
1255 1355 1553 1422 respondeo.
1598 1357 1717 1405 Pos't
1749 1353 2018 1406 exordium
2051 1362 2233 1413 orator,
2265 1370 2445 1403 verens
2476 1370 2541 1402 ne
2576 1354 2744 1404 Ponti-

290 1436 446 1486 ficum
478 1437 630 1484 animi
664 1455 694 1484 a
726 1452 777 1483 se
812 1436 1010 1483 alienati
1041 1437 1161 1494 sint,
1196 1445 1463 1502 propterea
1497 1434 1641 1503 quod
1659 1434 1869 1484 Clodius
1902 1435 2198 1484 sententiam
2231 1434 2539 1501 dePompeio
2557 1433 2745 1484 dictam

289 1518 603 1583 vituperavit,
638 1515 704 1563 ad
737 1534 849 1564 eam
881 1507 1192 1575 orationem,.
1213 1534 1342 1583 quae
1377 1517 1584 1583 propria
1619 1525 1697 1564 est
1728 1533 1922 1575 causae,
1957 1533 2062 1564 non
2094 1518 2259 1564 statim
2284 1514 2635 1583 progreditur;
2659 1513 2749 1564 sed

292 1596 455 1644 Clodii
493 1597 719 1645 convicio
753 1598 896 1663 prius
928 1595 1234 1663 respondere
1270 1597 1497 1645 instituit.
1534 1597 1610 1645 Ac
1644 1597 1819 1645 similis
1853 1596 2095 1663 digressio
2130 1597 2183 1645 in
2217 1597 2457 1645 Oratione
2490 1613 2585 1663 pro
2633 1596 2750 1646 Mu-

290 1694 410 1725 rena
444 1675 513 1736 fit,
550 1695 593 1726 c.
637 1695 677 1725 1.
709 1687 822 1745 post
856 1677 1032 1725 verba:
1066 1678 1390 1744 „Antequam
1423 1694 1530 1744 pro.
1564 1679 1621 1726 L.
1658 1677 1876 1725 Murena
1909 1675 2079 1725 dicere
2114 1677 2336 1734 instituo,
2374 1695 2469 1744 pro
2505 1696 2587 1727 me
2641 1678 2747 1742 ipso

288 1774 446 1827 pauca
480 1757 693 1817 dicam“,
729 1767 778 1806 et
812 1759 865 1806 in
898 1758 1190 1817 Miloniana,
1227 1775 1382 1825 quam
1414 1757 1662 1806 Asconius
1695 1757 1763 1806 ita
1796 1755 2017 1823 perfecte
2058 1756 2298 1824 scriptam
2343 1757 2481 1816 dicit,
2524 1767 2582 1807 ut
2634 1758 2743 1807 iure

290 1842 452 1909 prima
486 1838 657 1888 haberi
692 1840 861 1906 possit,
898 1857 940 1889 c.
974 1844 1021 1891 3.
1058 1848 1170 1905 post
1200 1838 1382 1887 verba:
1421 1838 1744 1904 „Antequam
1776 1835 1842 1884 ad
1876 1853 1986 1904 eam
2019 1836 2298 1886 orationem
2327 1837 2491 1898 venio,
2509 1853 2639 1904 quae
2675 1847 2748 1887 est

289 1923 492 1991 propria
524 1931 723 1971 nostrae
759 1921 1066 1988 quaestionis
1098 1920 1341 1968 videntur
1377 1938 1433 1967 ea
1468 1935 1570 1967 esse
1606 1915 1887 1974 refutanda,
1907 1933 2037 1983 quae
2071 1925 2122 1964 et
2154 1917 2403 1965 inSenatu
2437 1917 2499 1966 ab
2535 1918 2750 1968 inimicis

289 2021 433 2070 saepe
469 2004 648 2051 iactata
682 2010 814 2059 sunt,
852 2009 902 2049 et
934 2002 987 2049 in
1021 2001 1263 2049 concione
1299 2019 1443 2066 saepe
1478 1998 1540 2047 ab
1575 1996 1832 2064 improbis,
1855 2005 1904 2046 et
1919 1997 2089 2064 paullo
2112 2007 2225 2047 ante
2247 1999 2309 2047 ab
2327 2002 2750 2052 accusatoribus.“

290 2083 465 2150 Neque
501 2100 558 2130 ea
592 2081 873 2130 dissimulat
907 2090 1084 2130 auctor
1112 2080 1416 2129 Milonianae
1450 2088 1589 2128 extra
1624 2095 1826 2127 causam
1857 2079 2027 2127 omnia
2059 2077 2319 2145 disputari,
2364 2098 2484 2131 nam
2516 2099 2559 2131 c.
2594 2100 2642 2149 9.
2677 2083 2748 2132 fa-

291 2171 425 2212 ctam
458 2182 486 2210 a
520 2179 571 2210 se
624 2162 982 2228 digressionem
1016 2160 1091 2208 his
1123 2160 1290 2209 verbis
1333 2160 1544 2208 fatetur:
1589 2158 1972 2223 „Quamobrem
2017 2149 2224 2220 iudices,
2271 2170 2329 2211 ut
2370 2162 2644 2230 aliquando
2683 2166 2748 2215 ad

286 2263 486 2294 causam
521 2246 818 2310 crimenque
848 2244 1162 2291 veniamus.“
1193 2242 1364 2306 (Conf.
1401 2249 1524 2289 orat.
1562 2257 1638 2307 pr.
1657 2240 1810 2289 Arch.
1846 2258 1890 2289 c.
1925 2242 1973 2290 6.
1990 2243 2084 2308 sq.)
2104 2241 2183 2290 Ab
2217 2253 2449 2293 accurata
2469 2245 2621 2311 igitur
2633 2248 2755 2296 scri-

285 2327 456 2391 ptione
492 2323 784 2372 huiusmodi
828 2323 1175 2388 digressiones,
1212 2340 1340 2389 quae
1375 2322 1440 2370 ad
1475 2320 1695 2370 iudicem
1734 2321 2137 2387 praeparandum
2179 2331 2266 2370 aut
2319 2325 2754 2376 reconciliandum

288 2405 589 2470 pertineant,
623 2404 832 2451 minime
867 2411 985 2451 sunt
1019 2403 1207 2452 alienae
1226 2420 1240 2464 3
1274 2401 1363 2451 sed
1395 2401 1640 2468 prooemii
1676 2402 1777 2449 vim
1805 2401 2047 2460 obtinent,
2084 2401 2251 2451 iudice
2274 2402 2607 2466 Quintiliano,
2622 2406 2660 2454 1.
2684 2406 2745 2457 O.

287 2483 376 2532 IV.
412 2500 458 2543 2,
494 2485 574 2545 24.
613 2482 771 2547 Quod
803 2498 926 2533 vero
959 2484 1173 2549 scriptor
1204 2483 1445 2532 orationis
1480 2499 1574 2548 pro
1610 2481 1762 2531 domo
1797 2484 1845 2543 S.
1892 2484 1971 2533 32.
2016 2484 2108 2532 ait:
2160 2485 2424 2549 Intelligo,
2467 2504 2545 2534 me
2594 2488 2750 2553 plura

287 2576 446 2615 extra
482 2582 693 2613 causam
724 2565 945 2622 dixisse,
980 2581 1134 2630 quam
1167 2567 1336 2630 opinio
1372 2565 1583 2622 tulerat,
1619 2573 1712 2611 aut
1746 2564 1980 2611 voluntas
2008 2580 2149 2610 mea:
2187 2562 2241 2610 id
2276 2571 2474 2612 tantum
2507 2564 2659 2628 abest,
2697 2577 2754 2615 ut

286 2643 549 2713 significet,
584 2647 754 2694 omnia
783 2652 995 2711 praeter
1027 2647 1313 2712 opinionem
1345 2654 1500 2713 atque
1535 2645 1856 2693 voluntatem
1889 2645 1938 2691 ei
1972 2644 2253 2702 excidisse,
2285 2652 2343 2693 ut
2375 2644 2614 2712 equidem
2646 2663 2752 2696 non

288 2726 575 2793 intelligam,
611 2725 750 2794 quali
786 2724 1063 2792 cupiditate
1100 2724 1348 2774 adductus
1383 2726 1710 2776 Marklandus
1745 2728 1812 2775 ita
1849 2727 2202 2794 interpretatus
2237 2728 2303 2775 sit
2334 2727 2501 2787 verba,
2530 2745 2754 2798 quorum

288 2807 469 2874 procul
504 2805 662 2855 dubio
692 2823 867 2853 sensus
902 2804 986 2854 hic
1030 2814 1126 2854 est:
1163 2805 1284 2853 Non
1311 2806 1570 2873 putabam,
1582 2826 1660 2856 me
1693 2809 1953 2855 dicturum
1988 2824 2114 2866 esse,
2127 2825 2296 2876 neque
2329 2807 2548 2857 volebam
2580 2810 2752 2860 dicere

289 2900 392 2937 tam
425 2889 609 2946 multa,
654 2906 808 2956 quam
842 2906 920 2936 me
969 2887 1171 2936 dixisse
1224 2889 1321 2935 iam
1370 2890 1618 2956 intelligo.
1665 2888 1849 2937 Similis
1909 2888 2182 2940 excusandi
2228 2889 2448 2940 formula
2492 2891 2748 2958 reperitur

289 2973 341 3019 in
374 2973 518 3021 Verr.
553 2971 642 3030 111,
676 2972 756 3035 69.
790 2972 1020 3030 „Verum
1053 2970 1155 3020 huc
1191 2970 1397 3038 longius,
1434 2987 1591 3038 quam
1622 2969 1853 3019 voluntas
1885 2969 1997 3028 fuit,
2037 2968 2100 3020 ab
2152 2969 2361 3038 epistola
2411 2969 2748 3021 Timarchidis

292 3051 506 3117 digressa
541 3061 614 3100 est
648 3052 807 3100 oratio
840 3058 1002 3100 mea.“
1035 3051 1198 3100 Addit
1232 3053 1419 3102 Censor
1452 3052 1486 3102 l.
1522 3051 1556 3100 l.
1590 3059 1747 3101 totam
1773 3052 2053 3114 orationem
2085 3051 2249 3102 videri
2285 3054 2426 3120 quasi
2469 3053 2537 3103 ad
2590 3069 2749 3120 quen-

295 3131 412 3180 dam
455 3133 757 3199 imperatum
805 3131 1019 3182 modum
1059 3132 1387 3200 longitudinis
1440 3140 1726 3184 contextam
1768 3149 1886 3192 esse,
1930 3134 2113 3201 pagina
2166 3133 2372 3202 paginae
2422 3132 2746 3183 conserenda.
2769 3177 2784 3198 0

293 3210 448 3275 Quod
480 3213 630 3261 velim
666 3215 734 3261 ita
768 3213 1031 3280 intelligas,
1066 3223 1125 3263 ut
1155 3233 1184 3263 a
1219 3214 1462 3274 Cicerone
1496 3212 1624 3262 nibil
1656 3216 2064 3279 praetermissum
2096 3223 2267 3280 putes,
2323 3231 2428 3281 quo
2462 3232 2572 3262 rem
2605 3231 2749 3264 suam

288 3289 456 3339 levare
507 3301 555 3340 et
604 3301 878 3341 sustentare
930 3303 1110 3361 posset.
1173 3294 1329 3361 Atqui
1383 3295 1438 3345 id
1483 3296 1735 3363 pertinere
1778 3295 1843 3344 ad
1896 3303 2186 3345 accuratam
2219 3297 2499 3346 orationem
2531 3295 2747 3346 videtur.

287 3370 427 3420 Nihil
465 3381 536 3418 est
568 3390 684 3438 ergo
719 3374 771 3421 in
804 3375 897 3423 isto
932 3376 1190 3425 Ciceronis
1224 3377 1525 3439 testimonio,
1563 3376 1703 3444 quod
1736 3394 1840 3428 non
1897 3379 2090 3446 egregie
2147 3377 2425 3428 consentiat
2470 3393 2587 3427 cum
2640 3395 2746 3430 ora-

283 3451 422 3503 ti'one
457 3469 549 3517 pro
586 3451 749 3507 domo,

279 171 403 221 vul
