3007 3888
310 179 525 231 XXXII

307 309 556 356 sententia
599 324 754 374 quam
805 307 1028 358 absurde
1080 324 1310 375 expressa
1343 308 1428 367 sit,
1467 305 1864 373 'quodammodo
1898 326 1961 358 ex
1994 310 2100 378 ipsa
2132 311 2331 379 vulgata
2366 311 2778 378 interpretatione

312 390 411 439 loci
446 398 702 456 apparet.“
736 393 923 442 Sensus
957 395 1238 443 verborum
1272 403 1374 440 est:
1426 385 1695 458 postquam
1748 390 1870 438 haec
1903 394 2036 439 mala
2068 409 2331 459 perpessus
2365 408 2501 451 sum,
2555 409 2689 458 quae
2724 408 2787 441 ex

312 470 534 519 Caesaris
569 471 853 519 actionibus
889 474 941 519 in
975 491 1056 518 me
1091 471 1471 524 redundarunt,
1515 483 1628 512 mea
1670 483 1773 514 non
1798 469 2026 517 interest
2060 480 2185 520 etc..
2228 471 2418 535 Quaeri
2468 474 2566 523 iam
2598 482 2785 540 potest,

314 566 567 616 quaenam
603 548 726 598 haec
761 551 893 601 mala
927 551 1040 609 sint,
1078 559 1126 598 et
1162 546 1418 615 quomodo
1440 563 1502 594 ex
1521 545 1743 595 Caesaris
1764 547 2046 596 actionibus
2082 551 2134 597 in
2152 552 2421 600 Oratorem
2435 553 2785 600 redundarint.

312 630 388 677 Ac
423 637 605 677 notum
640 638 728 688 est,
765 648 793 677 a
845 629 1053 677 Caesare
1098 629 1260 692 legem
1304 641 1407 674 esse
1444 627 1616 684 latam,
1670 636 1728 674 ut
1762 627 2001 677 Clodium
2033 646 2062 678 a
2093 631 2298 680 Plebeio
2332 633 2558 700 adoptari
2592 633 2788 693 liceret3

312 717 494 756 notum
516 717 590 756 est
612 709 775 767 etiam,
811 727 839 755 a
859 706 1052 764 Clodio,
1092 705 1322 753 Tribuno
1341 704 1517 770 plebiS,
1554 705 1854 754 Ciceronem
1873 708 1924 754 in
1942 708 2175 758 exsilium
2197 711 2415 761 eiectum
2445 729 2572 773 esse3
2608 719 2786 762 notum

315 797 388 836 est
438 787 505 835 ad
561 797 858 844 extremum,
896 784 1134 833 Clodium
1177 802 1280 832 non
1323 785 1543 850 potuisse
1587 785 1880 832 Tribunum
1914 785 2075 851 pleb-is
2109 787 2236 847 fieri,
2271 792 2366 839 nisi
2401 782 2627 858 plebeius
2661 799 2786 839 esset

316 866 591 933 adoptione
625 866 799 912 factus.
845 868 1017 929 Itaque
1052 882 1144 929 per
1179 864 1399 912 Caesaris
1435 865 1652 912 actiones
1689 863 2066 930 quodammodo
2099 865 2293 919 factum
2326 879 2413 931 est,
2448 879 2505 919 ut
2525 869 2702 919 Cicero
2733 870 2785 919 in

319 947 555 994 exsilium
591 947 664 992 ire
701 952 986 1009 cogeretur,
1025 952 1074 989 et
1108 942 1230 991 haec
1265 944 1411 1003 mala,
1450 962 1580 1009 quae
1614 944 1804 1009 scilicet
1838 960 1959 992 cum
1992 946 2099 993 eius
2134 945 2354 1014 discessu
2375 950 2645 999 coniuncta
2678 947 2786 997 fue·

316 1037 454 1083 runt,
495 1026 593 1072 tela
630 1026 680 1071 in
716 1042 866 1070 suum
901 1040 1085 1089 corpus
1122 1024 1341 1071 immissa
1375 1024 1610 1090 appellat.
1677 1023 1761 1073 Ad
1793 1040 1971 1087 vocem
2004 1027 2207 1073 minime
2249 1043 2312 1074 ex
2344 1029 2511 1078 verbis
2546 1039 2638 1077 tua
2670 1045 2782 1077 sen-

318 1109 476 1154 tentia
515 1102 849 1169 repetendum
885 1111 970 1161 est,
1006 1101 1139 1147 hanc
1160 1101 1320 1166 ferre
1354 1108 1656 1159 sententiam
1689 1122 1730 1151 s.
1764 1104 1858 1152 lzoe
1875 1122 2030 1169 agere
2063 1105 2195 1153 volo.
2231 1104 2636 1170 Insequentibus
2661 1125 2782 1156 vero

313 1196 463 1252 negat
499 1185 697 1244 Orator,
736 1198 937 1232 causam
972 1198 1089 1238 esse,
1126 1199 1221 1230 cur
1254 1183 1322 1231 ita
1356 1182 1450 1231 sibi
1487 1183 1738 1250 agendum
1770 1191 1927 1249 putet,
1962 1191 2020 1230 ut
2053 1192 2161 1233 acta
2196 1184 2415 1234 Caesaris
2445 1183 2645 1234 infirma
2679 1203 2780 1236 esse

318 1266 510 1314 doceat.

448 1346 503 1395 C.
540 1346 618 1407 45.
672 1345 952 1405 ‚,Pontifex‚
991 1345 1172 1410 inquit,
1209 1344 1363 1392 afluit.
1401 1347 1515 1395 Non
1549 1357 1599 1396 te
1633 1349 1809 1416 pudet,
1845 1363 2006 1416 quum
2038 1346 2174 1414 apud
2199 1345 2465 1398 Pontifices
2489 1362 2568 1394 res
2591 1355 2778 1412 agatur,

314 1425 611 1477 Pontificem
646 1426 835 1485 dicere,
872 1442 975 1473 non
1011 1424 1281 1490 collegium
1315 1427 1634 1487 Pontificum,
1670 1429 1897 1479 affuisse?
1943 1430 2260 1497 praesertim,
2317 1443 2480 1496 quum
2523 1428 2785 1478 Tribunus

311 1507 474 1574 plebis
508 1507 587 1555 vel
625 1506 923 1554 denuntiare
957 1505 1197 1571 potueris,
1229 1507 1310 1554 vel
1345 1508 1495 1555 etiam
1533 1510 1826 1574 cogere?“·

453 1586 603 1632 Hunc
639 1585 811 1632 locum
845 1585 1058 1632 Beckius
1102 1586 1204 1650 ipse
1241 1585 1469 1633 defendit
1510 1588 1562 1634 in
1609 1589 1968 1637 commentario
2023 1587 2090 1638 ad
2140 1587 2417 1636 orationem
2470 1603 2564 1652 pro
2614 1585 2781 1635 domo.

321 1665 513 1724 ‚,Etsi,“
560 1665 746 1729 inquit,
790 1662 1155 1721 „Marklandus
1200 1663 1262 1711 de
1297 1665 1420 1711 iuris
1456 1663 1820 1712 consuetudine
1855 1674 2081 1730 tempore
2118 1664 2374 1713 Ciceronis
2408 1662 2651 1729 loquitur,
2685 1661 2787 1711 suf-

316 1744 467 1793 ficere
504 1754 671 1791 tamen
702 1743 909 1791 videtur
942 1744 1153 1790 Gesneri
1191 1743 1429 1803 defensio,
1450 1760 1611 1809 quum
1632 1746 1826 1793 Auctor
1858 1762 1975 1803 non,
1989 1745 2115 1811 quid
2149 1745 2357 1792 omnino
2390 1742 2586 1791 licitum
2619 1741 2785 1800 fuerit,

318 1824 408 1872 sed
445 1823 572 1889 quid
609 1822 818 1871 Clodius
855 1821 1117 1869 Tribunus
1152 1822 1312 1887 plebis
1347 1824 1510 1871 facere
1544 1826 1779 1890 potuerit,
1816 1825 1985 1873 dicere
2021 1825 2194 1873 velit.“

451 1902 506 1950 C.
543 1902 621 1960 46.
656 1903 891 1959 „Postem
926 1901 1086 1950 teneri
1125 1902 1178 1949 in
1215 1901 1531 1950 dedicatione
1567 1912 1799 1968 oportere
1833 1903 2012 1951 videor
2045 1902 2241 1951 andisse
2273 1902 2501 1968 templi.“

443 1982 795 2039 Elati-klandus,
810 1982 897 2048 qui
932 1995 1037 2027 non
1073 1981 1399 2048 reprehendit
1413 1983 1726 2042 Ciceronem,
1742 1984 1884 2050 quod
1919 1985 1970 2031 in
2005 1983 2349 2050 superioribus
2371 1999 2513 2029 suam
2545 1982 2787 2048 pontificii

320 2065 444 2116 iuriS
465 2063 725 2111 scientiam
746 2060 1106 2120 dissimulat,in
1142 2076 1200 2106 eo
1235 2068 1416 2118 tamen,
1431 2062 1570 2127 quod
1605 2062 1653 2107 h.
1674 2063 1705 2107 1.
1740 2079 1789 2109 se
1810 2062 2005 2108 audisse
2030 2061 2168 2119 dicit,
2187 2063 2240 2108 in
2258 2061 2574 2109 dedicatione
2593 2071 2787 2127 postem

322 2147 484 2195 teneri
501 2153 748 2211 oportere,
763 2142 1087 2189 vehementer
1099 2142 1321 2188 offendit.
1335 2143 1460 2189 Nam
1472 2143 1800 2190 dedicationis
1821 2142 2128 2208 templorum
2147 2142 2403 2208 publicam
2412 2141 2563 2189 fuisse
2581 2143 2789 2190 cerimo-

322 2227 472 2282 niam,
512 2239 682 2270 coram
715 2219 905 2286 populo
941 2218 1049 2265 fieri
1085 2219 1296 2277 solitam,
1328 2228 1450 2267 teste
1484 2222 1769 2281 Plutarcho,
1805 2223 1857 2269 in
1890 2223 1978 2274 vit.
2011 2221 2199 2287 Poplic.
2234 2239 2282 2286 p.
2326 2222 2428 2281 104.
2466 2219 2621 2283 Quasi
2656 2219 2792 2268 idem

322 2317 447 2357 esset
483 2308 647 2354 teneri
682 2313 730 2350 et
765 2304 930 2349 teneri
964 2312 1210 2367 oportere.
1247 2302 1423 2349 Fuerit
1458 2305 1593 2350 enim
1626 2305 1814 2351 nemini
1850 2319 2009 2370 puero
2045 2304 2097 2349 in
2130 2301 2268 2349 Urbe
2304 2301 2593 2365 obscurum,
2630 2305 2793 2349 teneri

321 2398 520 2458 postem
555 2388 607 2432 in
644 2383 984 2430 dedicatione:
1019 2400 1083 2426 an
1128 2383 1277 2428 etiam
1329 2381 1383 2428 id
1434 2381 1541 2429 fieri
1596 2393 1848 2449 oportere,
1906 2382 1970 2430 ab
2023 2399 2196 2429 earum
2245 2399 2419 2441 rerum
2470 2382 2642 2447 peritis
2690 2397 2792 2428 non

322 2469 548 2526 edoctus,
585 2466 712 2511 scire
747 2461 969 2527 poterat?
1002 2462 1137 2526 Ergo
1173 2461 1319 2508 valde
1356 2462 1553 2521 decens,
1590 2473 1647 2510 ut
1683 2467 1933 2511 Gesnerus
1967 2463 2052 2521 ait,
2089 2461 2171 2510 hic
2208 2461 2349 2510 locus
2395 2470 2482 2520 est,
2518 2469 2568 2508 et
2610 2458 2789 2526 dignus

323 2550 411 2599 illa
447 2546 601 2596 Tullii
638 2543 926 2611 prudentia,
963 2560 1063 2607 qua
1098 2543 1358 2590 interiores
1394 2543 1581 2591 litteras
1617 2543 1871 2592 occultare
1905 2541 2044 2591 solet.

458 2629 513 2675 C.
548 2644 594 2689 9.
631 2624 795 2685 „Quis
824 2622 1013 2670 homini
1035 2632 1147 2686 post
1166 2623 1392 2670 homines
1412 2632 1552 2672 natos
1575 2624 1878 2689 turpissimO,
1893 2621 2287 2680 sceleratissimo
2308 2597 2793 2682 contaminatissimO,

325 2713 440 2781 quis
474 2709 611 2758 illam
649 2708 869 2774 opimam
903 2703 1223 2771 fertilemque
1259 2705 1471 2771 Syiiam‚
1509 2706 1621 2773 quis
1654 2704 1864 2764 bellum,
1898 2704 2225 2772 pacatissimis
2254 2703 2501 2770 gentibus,
2547 2705 2661 2773 quis
2706 2722 2796 2796 pe-

323 2795 526 2844 cuniam
560 2791 625 2838 ad
660 2788 900 2837 emendos
931 2805 1073 2853 agros
1109 2789 1446 2847 constitutam,
1483 2790 1724 2877 [ereptam
1755 2789 1806 2836 vi
1843 2805 1904 2836 ex
1940 2786 2160 2857 Caesaris
2194 2786 2346 2839 rebus
2381 2786 2537 2849 actiS‚]
2555 2786 2669 2853 quis
2704 2785 2794 2837 im-

327 2876 533 2944 perium
568 2871 825 2920 infinitum
860 2867 1063 2916 dedit?“

456 2960 888 3027 Interpunctionis
920 2967 1039 3006 nota
1073 2968 1186 3025 post
1217 2958 1409 3008 bellum
1443 2960 1601 3025 posita
1634 2976 1881 3009 summam
1914 2959 2065 3008 huius
2107 2959 2205 3008 loci
2241 2923 2592 3008 difficultatem
2627 2966 2791 3008 sustu-

324 3049 492 3103 limus,
532 3061 687 3109 quam
722 3041 876 3089 dativi
907 3044 1252 3106 pacatissimis
1286 3042 1527 3111 gentihus
1562 3041 1609 3088 h.
1645 3042 1676 3088 l.
1713 3042 2005 3094 afferebant
2039 3041 2167 3090 Nam
2188 3050 2324 3090 recte
2356 3057 2407 3089 se
2441 3039 2630 3088 habent
2660 3039 2792 3088 abla-

327 3129 417 3178 tivi
453 3124 816 3193 significantes:
853 3139 1012 3189 quum
1045 3131 1225 3188 gentes
1261 3124 1619 3189 pacatissimae
1660 3133 1840 3173 essent.
1879 3122 2122 3173 Similiter
2174 3122 2278 3172 Cic.
2324 3121 2386 3171 de
2437 3121 2526 3171 Or.
2574 3119 2662 3177 111,
2712 3118 2790 3166 31.

328 3209 537 3268 „Nostra
574 3215 647 3255 est
668 3205 834 3254 omnis
869 3205 961 3253 ista
995 3203 1294 3271 prudentiae
1329 3205 1690 3271 doctrinaeque
1725 3206 1981 3272 possessio,
2016 3206 2069 3253 in
2103 3221 2258 3271 quam
2290 3202 2515 3252 homines
2536 3226 2605 3238 -·
2636 3199 2794 3249 abun-

330 3290 500 3339 dantes
547 3289 664 3345 otio,
710 3286 857 3335 nobis
905 3286 1174 3350 occupatis,
1220 3286 1620 3334 involaverunt.“
1684 3285 1852 3336 Verba
1906 3294 2140 3350 ereptam,
2171 3287 2218 3335 νί
2261 3301 2332 3333 ex
2370 3283 2607 3331 Caesaris
2641 3281 2793 3329 rebus

327 3372 458 3419 actis
490 3386 592 3417 non
625 3366 790 3417 solum
823 3365 1126 3434 perturbant
1159 3366 1431 3416 sententiae
1475 3365 1880 3428 concinnitatem,
1928 3363 2019 3415 sed
2062 3365 2306 3415 incertam
2349 3361 2500 3410 etiam
2548 3358 2792 3426 significa-
