3007 3888
282 148 345 195 IV

283 289 379 323 nec
411 272 562 341 plane
595 267 966 337 supposititiam
997 281 1102 319 esse
1135 267 1204 333 6).
1269 267 1500 333 Denique
1536 263 1749 326 eandem
1782 265 2080 330 orationem,
2108 253 2744 338 utpltnoCioemnhnnn,

286 353 517 404 defendit
548 353 627 400 Jo.
664 351 823 399 Leon.
860 350 1078 415 Rugius,
1118 351 1199 398 vir
1230 348 1497 416 primarius
1539 347 1593 395 in
1623 345 1872 412 theologia
1904 342 2145 415 idemque
2177 350 2232 400 ia
2257 359 2373 401 ,ηρ
2401 352 2748 420 mmm

288 453 406 485 rum
437 431 518 482 vel
553 431 608 481 in
639 430 819 498 primis
854 429 1103 480 excellens
1136 431 1200 497 7).
1234 427 1470 494 Reliquas
1500 432 1670 475 autem
1701 424 1966 487 orationes,
1995 440 2123 493 quas
2153 436 2269 480 ante
2302 431 2748 486 Wolfium-·M.rk.

287 517 469 571 landus
502 515 702 582 primus
737 514 791 563 in
826 511 1097 564 discrimen
1129 509 1324 561 vocavit
1354 509 1445 574 8),
1475 507 1728 557 Gesnerus
1760 505 1828 555 ita
1861 504 2090 556 defendit
2121 525 2149 557 a
2181 512 2577 579 suspicionibus,
2621 530 2748 583 quas

288 602 373 652 ille
402 600 647 648 iniecerat
685 597 756 661 9),
792 604 851 643 ut
883 594 1072 644 nemini
1107 599 1361 659 suspectae
1395 597 1559 638 essent
1591 604 1651 638 eo
1692 595 1944 654 tempore,
1986 604 2090 655 quo
2122 587 2341 640 Wolfius
2374 594 2626 660 ingeniosa
2655 594 2748 644 im-

289 680 540 749 probitate
577 693 658 726 eas
693 675 864 725 denuo
895 673 1159 722 accusavit.
1228 671 1390 720 Huius
1422 679 1594 719 autem
1627 671 1860 719 acerrimi
1892 670 1989 719 viri
2025 671 2397 721 criminationes
2422 674 2643 740 singulas
2665 690 2749 725 ex-

287 770 466 812 cutere
500 769 654 826 atque
688 771 860 807 omnes
892 751 1123 803 refellere
1157 767 1306 803 nemo
1339 750 1605 820 hucusque
1640 757 1849 809 conatus
1890 759 1985 813 est3
2028 768 2335 821 quamquam
2379 751 2614 812 fuerunt,
2657 756 2749 821 qui

290 862 398 895 non
432 838 708 897 difficilem,
745 845 794 887 at
825 835 1035 903 plenum
1066 832 1235 894 taedii,
1271 832 1409 883 hunc
1443 851 1549 885 esse
1581 834 1810 886 laborem
1843 835 2223 895 arbitrarentur,
2258 849 2423 904 neque
2458 836 2750 886 dubitarent

293 943 416 974 cum
457 924 566 972 aliis
622 919 815 970 selectis
859 914 1169 966 orationibus
1220 907 1403 964 suinmi
1456 912 1677 965 oratoris*
1724 916 1877 966 edere
1943 917 2091 965 etiam
2144 925 2412 984 utramque
2469 919 2750 967 orationem

291 1017 404 1073 post
438 1005 673 1055 reditum.
2067 991 2071 994 ’

426 1084 528 1135 Sed
562 1077 1033 1132 commemorandus
1069 1075 1165 1125 hoc
1200 1076 1311 1124 loco
1345 1086 1417 1125 est
1452 1078 1583 1127 liber
1616 1080 1826 1147 quidam
1867 1080 2127 1147 singularis
2161 1080 2305 1128 cuius
2346 1082 2575 1149 scriptori
2624 1083 2752 1132 illud

296 1169 449 1218 fuisse
478 1165 797 1234 propositum
830 1159 1049 1217 videtur,
1086 1167 1143 1206 ut
1176 1167 1332 1207 totam
1366 1159 1636 1209 accusandi
1671 1161 1933 1222 rationem,
1969 1179 2070 1229 qua
2102 1160 2431 1211 Marklandus
2463 1171 2514 1210 et
2536 1161 2754 1212 Wolfius

300 1254 375 1300 usi
411 1259 527 1298 sunt
563 1250 616 1294 in
651 1246 726 1293 his
761 1241 1101 1299 orationibus,
1152 1241 1385 1288 simulata
1423 1241 1977 1297 imitationexirrideret
2018 1261 2077 1291 ac
2119 1242 2372 1291 refutaret.
2442 1246 2755 1292 Commenta-

296 1335 432 1379 rium
465 1329 583 1377 dico
616 1328 670 1374 in
705 1326 984 1373 orationem
1017 1341 1107 1389 pro
1141 1321 1326 1370 Archia
1359 1324 1525 1380 Poeta,
1562 1325 1650 1388 qui
1684 1323 1874 1390 prodiit
1893 1325 2089 1390 Lipsiae
2105 1341 2208 1372 non
2225 1325 2531 1391 praescripto
2549 1326 2754 1374 nomine

298 1412 515 1461 auctoris
557 1409 649 1475 10).
718 1405 908 1455 Eodem
948 1404 1053 1452 fere
1099 1404 1307 1453 consilio
1341 1404 1569 1464 Rossius,
1617 1419 1771 1471 quem
1803 1403 2021 1454 Wolfiu's
2054 1406 2280 1454 nominat
2309 1407 2365 1453 in
2396 1405 2551 1472 praef.
2580 1405 2648 1456 ad
2667 1406 2752 1458 IV.

299 1502 443 1542 oratt.
480 1510 527 1559 p.
564 1490 646 1547 X„
680 1486 834 1554 paulo
867 1494 1136 1553 postquam
1169 1484 1499 1536 Marklandus
1533 1484 1781 1534 iudicium
1816 1502 1966 1534 suum
2000 1484 2063 1534 de
2082 1493 2303 1552 quatuor
2329 1484 2427 1533 illis
2444 1485 2754 1535 orationibus

296 1571 657 1639 pronuntiavit,
692 1569 746 1616 in
780 1567 1121 1634 suspitionem
1157 1571 1307 1616 νοθείας
1334 1566 1582 1614 orationes
1615 1583 1710 1631 pro
1741 1565 1895 1625 Sulla,
1929 1583 2023 1633 pro
2056 1565 2273 1625 Milone,
2304 1583 2401 1633 pro
2435 1565 2628 1626 Coelio,
2662 1582 2756 1634 pro

298 1654 529 1709 Murena,
561 1666 658 1716 pro
692 1649 894 1706 Flacco,
925 1647 1050 1696 duas
1086 1665 1149 1697 ex
1184 1647 1501 1704 Catilinariis‚
1527 1645 1657 1694 duos
1687 1645 1842 1695 libros
1876 1644 2283 1695 Tusculanarum
2307 1654 2359 1694 et
2387 1645 2669 1695 secundum
2693 1645 2757 1695 de

299 1732 510 1781 Finibus
543 1730 755 1779 vocavit.
822 1729 998 1795 Neque
1043 1727 1355 1786 dubitamus,
1401 1727 1527 1794 quin
1569 1725 1793 1787 fuerint,
1838 1726 2025 1794 quibus
2065 1727 2196 1776 serio
2236 1734 2346 1775 rem
2379 1745 2525 1793 agere
2558 1728 2759 1776 Rossius

302 1813 582 1871 videretur;
616 1810 854 1860 orationis
890 1817 1060 1856 autem
1091 1825 1184 1874 pro
1220 1806 1405 1856 Archia
1439 1808 1589 1855 etiam.
1622 1807 1870 1856 vindiciae
1911 1816 2029 1856 sunt
2067 1809 2293 1875 scriptae,
2330 1808 2471 1874 quasi
2515 1808 2644 1856 serio
2676 1806 2762 1856 da-

301 1903 468 1945 mnata
502 1901 628 1942 esset
670 1893 762 1958 11).
820 1892 978 1939 Porro
1015 1905 1177 1957 quum
1211 1887 1306 1935 hoc
1341 1887 1435 1935 sibi
1470 1890 1751 1956 praemium
1782 1906 1875 1956 pro
1910 1906 2061 1957 opera
2093 1905 2182 1937 sua
2220 1887 2438 1937 Wolfius
2470 1889 2763 1957 postulasset

303 1975 479 2043 (praef.
518 1974 584 2022 ad
617 1974 778 2022 Marc.
811 1989 861 2038 p.
899 1971 1011 2035 39);
1045 1970 1086 2016 si
1123 1969 1204 2017 cui
1235 1968 1497 2017 videretur
1530 1971 1695 2037 ipsum
1731 1971 2028 2019 Ciceronem
2061 1969 2382 2029 calumniari,
2427 1979 2484 2018 ut
2528 1971 2567 2019 is
2612 1987 2764 2036 quam

304 2061 530 2127 primum
565 2056 816 2105 orationes
852 2070 945 2119 pro
980 2052 1179 2117 Ligario
1214 2059 1262 2098 et
1293 2051 1556 2109 Deiotaro,
1595 2051 1675 2100 vel
1719 2051 1866 2101 aliam
1901 2067 2304 2119 quamcumque,
2349 2050 2523 2100 eadem
2572 2053 2763 2099 ratione

307 2139 728 2188 calumniaretur:
762 2133 1016 2183 Weiskius
1053 2132 1104 2178 in
1140 2130 1400 2196 Ligariana
1433 2130 1676 2196 plurimas
1712 2149 1880 2190 voceS,
1918 2130 2161 2199 loquendi
2194 2131 2439 2180 formulas
2471 2139 2622 2198 atque
2655 2148 2764 2178 sen-

306 2221 498 2276 tentias,
529 2226 584 2264 ut
618 2216 830 2272 vitiosas,
868 2214 1058 2279 ineptas
1095 2219 1144 2258 et
1178 2210 1419 2259 Cicerone
1454 2211 1679 2277 indignas
1713 2214 1916 2270 notavit,
1951 2228 2075 2278 quas
2096 2210 2381 2269 defendere,
2416 2211 2538 2259 mihi
2557 2210 2765 2277 quidem
2826 2260 2832 2264 ,

306 2316 407 2348 non
439 2296 586 2346 facile
620 2293 760 2344 factu
793 2292 1013 2342 videtur.
1085 2289 1242 2354 Quod
1276 2289 1498 2358 denique
1532 2292 1768 2351 Rossius,
1808 2291 2061 2343 Weiskius
2090 2299 2140 2339 et
2170 2291 2401 2350 Beierus,
2448 2308 2565 2339 nam
2615 2289 2765 2338 huius

310 2378 537 2444 suspicor
574 2391 677 2425 esse
715 2370 1136 2423 commentarium
1170 2370 1222 2417 in
1258 2378 1379 2419 orat.
1424 2387 1519 2438 pro
1551 2371 1759 2431 Archia,
1813 2388 1907 2439 per
1948 2370 2318 2422 simulationem
2355 2368 2554 2420 efficere
2602 2371 2765 2419 conati

309 2468 451 2520 sunt,
486 2466 542 2506 ut
576 2453 857 2523 quamlibet
891 2450 1148 2501 Ciceronis
1182 2450 1460 2500 orationem
1495 2451 1702 2514 iisdem,
1752 2470 1876 2522 quas
1910 2451 2129 2511 Wolfius
2169 2459 2219 2502 et
2252 2450 2579 2502 Marklandus
2629 2449 2770 2501 adhi-

315 2544 562 2598 buissent,
606 2537 798 2604 legibus
845 2535 1033 2585 criticis
1079 2542 1127 2581 et
1178 2534 1478 2598 argumentis
1530 2545 1811 2602 suspectam
1856 2532 2002 2582 reddi
2051 2548 2193 2598 posse
2236 2529 2577 2580 ostenderent:
2624 2531 2674 2579 in
2709 2549 2767 2580 eo

332 2732 370 2773 6)
408 2730 463 2764 De
487 2728 670 2768 oratione,
700 2736 794 2772 quae
821 2723 1038 2758 inscribitur
1064 2734 1131 2769 pro
1161 2723 1212 2759 M.
1239 2723 1436 2766 Marcello,
1483 2724 1654 2760 Ciceroni
1687 2724 1747 2760 vel
1785 2723 2031 2759 abiudicanda
2065 2723 2126 2758 vel
2162 2722 2410 2758 adiudicanda
2448 2725 2629 2770 quaestio.
2697 2724 2766 2759 Pro

408 2789 556 2822 summis
583 2789 621 2821 in
652 2784 892 2831 philosophia
920 2782 1095 2820 honorib.
1122 2801 1174 2812 -
1200 2785 1416 2828 conscripsit
1443 2783 1536 2828 Aug.
1564 2783 1655 2821 Lud.
1684 2784 1787 2821 Guil.
1813 2783 1945 2822 Jacob.
1973 2783 2136 2818 Berolini
2163 2787 2201 2817 et
2229 2783 2347 2821 natis.
2377 2784 2488 2820 1813.
2514 2786 2551 2821 8.

339 2856 376 2901 ⁶5)
419 2854 643 2890 Lucubratio
671 2852 717 2888 de
745 2853 915 2887 oratione
944 2849 1135 2886 Ciceronis
1162 2860 1229 2896 pro
1257 2849 1308 2888 Μ.
1335 2850 1522 2885 Marcello.
1553 2849 1720 2897 Friburg3
1751 2852 1863 2898 1817.

343 2923 380 2966 8)
421 2919 593 2957 Remarks
632 2931 679 2955 on
716 2919 780 2955 the
809 2918 968 2965 Epistles
998 2917 1040 2953 of
1062 2917 1193 2954 Cicero
1220 2920 1260 2951 to
1288 2918 1418 2953 Brutus
1446 2915 1518 2952 and
1546 2916 1590 2951 of
1611 2918 1745 2953 Brutus
1772 2924 1812 2954 to
1836 2918 1987 2965 Cicer-03
2014 2919 2053 2955 in
2080 2931 2100 2956 a
2128 2919 2257 2955 Letter
2283 2923 2324 2954 to
2352 2929 2373 2954 a
2401 2916 2551 2956 Friend.
2617 2917 2722 2953 With
2752 2930 2775 2953 a·

413 2982 661 3017 Dissertation
691 2991 791 3026 upon
821 2979 903 3013 four
931 2979 1106 3014 Orations
1135 2976 1304 3012 ascribed
1334 2982 1372 3010 to
1399 2979 1449 3014 M.
1480 2977 1628 3012 Tullius
1653 2977 1780 3013 Cicero
1808 2984 1878 3013 etc.
1926 2980 1983 3015 To
2011 2978 2131 3014 which
2159 2989 2221 3016 are
2248 2977 2369 3013 added
2400 2989 2499 3014 some
2512 2979 2681 3015 Exti-acts
2707 2984 2779 3013 out.

416 3041 457 3075 of
481 3041 543 3075 the
574 3041 689 3076 Notes
719 3040 761 3073 of
786 3038 936 3073 learned
961 3039 1049 3073 Men
1077 3048 1178 3084 upon
1207 3036 1313 3070 those
1341 3037 1527 3080 Οιειιὶοιιε,
1555 3036 1628 3071 and
1655 3039 1919 3076 Observatum,
1946 3051 1995 3075 on
2022 3039 2134 3078 them·
2187 3040 2241 3086 Β,
2277 3040 2354 3080 ser,
2390 3037 2607 3080 Mal-unul,
2635 3035 2773 3072 Penow

413 3101 453 3134 of
476 3100 531 3136 St.
559 3102 694 3135 Peter's
725 3098 887 3144 Collogc,
913 3097 1147 3144 Cambridge
1174 3116 1223 3123 —
1253 3095 1416 3130 Londou.
1446 3098 1483 3137 8,

339 3170 378 3214 9)
418 3167 501 3205 Vid
528 3168 831 3201 Commentaiior.
866 3166 949 3203 Soc.
977 3168 1064 3212 Reg.
1094 3166 1286 3211 Goetting
1313 3165 1359 3201 T.
1383 3167 1450 3202 111
1477 3175 1513 3209 p.
1544 3164 1634 3200 223.
1662 3172 1717 3206 tq.
1745 3165 1783 3195 et
1811 3163 1899 3199 251.
1925 3173 1978 3209 sq.

321 3236 382 3276 10)
414 3234 559 3268 Titulus
587 3240 660 3268 est:
699 3235 813 3268 Marci
841 3235 959 3268 Tullii
987 3234 1201 3275 Ciceronis,
1231 3245 1327 3279 quae
1353 3234 1462 3278 vulgo
1492 3232 1632 3272 fertur,
1670 3231 1789 3264 oratio
1817 3241 1883 3275 pro
1913 3230 2007 3265 Aulo
2046 3230 2190 3264 Licinio
2218 3229 2351 3265 Archia
2377 3229 2504 3264 Poeta.
2568 3229 2774 3270 Recensum

416 3303 496 3324 suas
523 3291 778 3327 observation..
773 3292 960 3327 sadiecit
991 3292 1042 3330 M.
1070 3292 1111 3329 (Σ.
1139 3294 1179 3330 Β.
1212 3292 1313 3337 Lips.
1347 3298 1457 3330 1818
1483 3296 1522 3329 8

316 3358 377 3403 ιι)
417 3356 502 3396 vid.
529 3358 624 3397 Krit.
651 3359 870 3396 Bibliothek
898 3360 956 3399 fiir
984 3360 1047 3398 das
1079 3360 1212 3396 Schul-
1241 3359 1317 3396 und
1348 3357 1695 3395 Uuterrichtswesen
1723 3368 1759 3396 v.
1787 3355 1926 3396 Gottsr.
1952 3354 2124 3394 seebode
2151 3355 2181 3395 s.
2206 3354 2244 3393 d.
2271 3354 2305 3390 1.
2336 3359 2448 3394 1821.
2478 3351 2565 3390 Nm.
2593 3355 2630 3391 2.
2655 3363 2710 3400 sq.
