3007 3888
2663 117 2688 156 fl

2263 206 2301 241 a
2594 173 2672 224 ΧῙ
2706 249 2708 251 ‚

212 317 572 374 βοηθοῦντος,ὼῦ
590 316 661 357 τὸν
672 316 846 369 Καίσαρα
870 315 963 369 πρὸς
978 315 1062 362 τούς
1087 316 1215 365 φίλους
1239 315 1312 360 „11
1334 310 1462 355 „ewa
1476 307 1684 364 διᾶιρόνου
1693 311 1898 363 Κικέρωνος
1908 307 2062 351 nimrim
2080 311 2261 364 λέγοντος,
2287 312 2364 353 ἐπεὶ
2379 311 2496 353 πάλαι
2511 316 2667 368 κέκριται

215 388 372 441 πονηρὸς
397 384 490 438 ἀνὴρ
514 383 578 433 ,αὶ
599 384 814 434 nouenos?
847 379 903 428 In
939 379 1124 447 quibus
1156 377 1448 428 dubitanter
1480 387 1738 434 narratur,
1775 376 1937 443 quod,
1974 379 2124 427 etiam
2156 380 2195 427 si
2229 396 2323 446 pro
2359 389 2499 429 certo
2533 379 2665 428 affir-

215 473 453 520 maretur,
486 455 614 509 nihil
638 456 881 512 efficeret.
913 458 1040 509 Nam
1072 463 1134 504 διὰ
1154 462 1292 516 χρόνον
1325 476 1428 507 non
1461 455 1706 524 significat
1740 465 1882 504 tanto
1913 458 2205 514 intervallo,
2269 458 2411 525 quod
2442 456 2663 506 Wolfius

217 553 403 591 temere
439 538 623 595 statuit,
657 535 746 585 sed
778 537 1040 592 intervallo
1072 546 1160 584 aut
1186 547 1407 601 tempore
1450 536 1717 583 interiecto
1739 571 1754 591 ,
1804 532 1947 599 quod
1978 533 2060 581 vel
2093 533 2286 601 longius
2318 555 2349 585 v
2381 537 2398 584 l
2434 536 2662 597 brevius,

217 636 372 686 quam
403 615 595 681 aliquot
627 615 895 671 mensium,
923 631 1026 666 esse
1059 615 1227 678 possit,
1260 623 1413 680 prout
1444 614 1526 662 vel
1557 616 1672 656 πολλὰ·
1705 612 1787 660 vel
1820 614 1925 666 ὀλίγα
1959 612 2225 678 cogitando
2269 613 2333 661 ad
2373 613 2521 662 ideris
2563 624 2662 680 19).

216 699 266 744 Si
300 711 418 743 vero
453 692 654 750 Caesar,
713 701 835 741 teste
870 691 1164 750 Plutarcho,
1208 701 1320 758 post
1345 692 1554 760 aliquod
1585 692 1824 758 temporis
1866 689 2210 748 intervallum,
2249 690 2542 740 Ciceronem
2566 710 2662 758 pro

215 773 418 840 Ligario
453 769 705 820 (licentem
737 767 943 828 audivit,
978 770 1203 836 profecto
1238 789 1436 821 necesse
1469 783 1573 832 est,
1617 782 1676 820 ut
1708 769 1941 819 nondum
1975 769 2268 834 interposito
2313 767 2401 816 illo
2435 778 2660 835 tempore

212 850 346 900 idem
380 852 556 902 Cicero
590 851 653 900 ab
687 849 866 899 eodem
885 848 1092 897 Caesare
1126 849 1327 899 auditus
1347 852 1423 909 sit,
1458 850 1603 907 aliam
1623 847 1879 916 quandam
1901 847 2182 896 orationem
2203 846 2394 901 dicens.
2428 849 2658 899 Potestne

213 938 393 988 autem,
428 947 590 996 quum
623 937 735 977 ante
770 930 949 993 gratias
965 929 1160 978 Caesari
1194 939 1325 979 actas
1359 930 1612 979 silentium
1646 929 1739 977 sibi
1762 928 1940 976 Cicero
1976 922 2250 984 indixisset,
2287 935 2344 974 ut
2364 925 2659 993 intelligitur

209 1027 270 1057 ex
304 1009 535 1075 epistola,
571 1027 724 1076 quam
757 1026 905 1075 supra
939 1008 1266 1068 laudavimus,
1299 1019 1538 1076 potestne,
1573 1010 1794 1072 inquam,
1832 1005 1895 1054 de
1930 1005 2026 1064 alia
2059 1004 2163 1053 ulla
2184 1005 2409 1054 oratione
2438 1007 2657 1071 cogitari,

209 1089 300 1136 nisi
336 1088 400 1136 de
433 1105 504 1148 ea,
532 1096 667 1155 'quae
702 1106 793 1154 pro
828 1076 1070 1138 Marcello
1105 1088 1240 1138 dicta
1274 1089 1380 1137 est?
1412 1086 1665 1137 Plutarchi
1701 1087 1852 1153 igitur
1884 1085 2230 1133 testimonium
2263 1083 2397 1132 illud
2429 1103 2543 1134 meo
2585 1088 2661 1136 iu-

212 1167 344 1217 dicio
378 1168 458 1217 vel
491 1168 764 1228 confirmat,
796 1169 1035 1235 pluribus
1065 1170 1240 1219 verbis
1272 1168 1538 1237 significari
1559 1169 1739 1216 iustam
1757 1164 2048 1221 orationem,
2085 1180 2215 1229 quae
2245 1162 2457 1229 quidem
2485 1165 2658 1213 similis

212 1248 274 1296 sit
306 1248 607 1314 Ligarianae.

340 1329 587 1392 Quartam
616 1328 907 1387 orationem,
942 1328 1005 1377 de
1040 1328 1380 1396 Haruspicum
1413 1328 1676 1395 responsis,
1711 1344 1815 1375 non
1834 1334 2193 1374 commemorat
2219 1326 2396 1375 Cicero
2416 1328 2468 1375 in
2499 1327 2658 1386 libris,

210 1411 297 1476 qui
332 1409 397 1458 ad
429 1418 650 1458 nostram
682 1417 893 1463 aetatem
925 1419 1264 1475 pervenerunt
1297 1411 1396 1474 20).
1433 1408 1532 1456 Sed
1566 1416 1916 1456 accusatorum
1952 1422 2199 1454 consensu
2222 1406 2288 1454 ad
2304 1407 2433 1456 hanc
2451 1426 2658 1474 quoque

212 1490 485 1538 orationem
519 1488 799 1536 testimonia
833 1487 897 1535 de
931 1488 1139 1553 reliquis
1173 1487 1287 1535 data
1329 1488 1585 1536 transferri
1629 1495 1860 1552 possunt;
1913 1486 1953 1533 si
2005 1484 2216 1551 quidem
2255 1503 2387 1534 unus
2432 1490 2663 1538 omnium

211 1578 386 1618 auctor
419 1577 507 1627 est,
541 1569 642 1618 sive
675 1584 840 1627 veruS,
875 1565 975 1616 sive
1009 1576 1303 1634 personatus
1337 1568 1531 1621 Cicero.
1567 1567 1683 1630 Qua
1717 1565 1780 1614 de
1816 1584 1869 1614 re
1907 1565 2119 1614 Wolfius
2154 1567 2204 1614 in
2225 1566 2384 1633 praef.
2407 1566 2496 1621 IV.
2531 1579 2656 1618 orat.

209 1668 256 1716 p.
292 1650 369 1710 44.
434 1647 782 1714 „Reliquimus
826 1645 1000 1694 itidem
1037 1645 1177 1694 aliud
1218 1648 1368 1713 quid,
1412 1646 1502 1695 sed
1535 1646 1680 1712 longe
1714 1645 1939 1703 facilius,
1991 1646 2295 1712 cuicumque
2340 1647 2516 1707 libeat,
2570 1648 2658 1697 de-

208 1727 615 1785 monstrandum,
649 1746 679 1775 a
711 1725 855 1774 nobis
888 1742 1031 1792 saepe
1058 1726 1388 1792 significatum
1420 1728 1561 1775 nulla
1595 1729 1785 1776 ratione
1821 1727 2028 1786 adiecta,
2065 1726 2203 1776 haud
2235 1728 2469 1795 pluribus
2504 1748 2660 1798 quam

210 1807 297 1855 uni
328 1807 519 1855 auctori
554 1806 667 1854 istas
701 1813 919 1870 quatuor
951 1806 1198 1853 orationes
1226 1805 1521 1855 tribuendas
1555 1824 1674 1860 esse.
1708 1807 1961 1856 Nimirum
1995 1807 2090 1857 hoc
2124 1825 2228 1857 non
2262 1811 2431 1859 minus
2458 1821 2658 1862 certum

208 1887 463 1936 videbitur
496 1903 576 1935 eas
611 1903 714 1935 uno
746 1895 920 1933 tenore
954 1885 1253 1952 perlegenti,
1287 1904 1441 1952 quam
1475 1903 1648 1935 omnes
1682 1885 1847 1935 adhuc
1884 1888 2115 1936 Ciceroni
2148 1906 2240 1955 per
2290 1908 2518 1941 errorem
2552 1909 2656 1942 esse

208 1967 534 2034 adscriptas.“
568 1975 618 2014 et
651 1966 703 2014 in
737 1965 895 2033 praef.
931 1967 1089 2015 Marc.
1134 1984 1183 2033 p.
1221 1967 1299 2031 39.
1335 1965 1492 2026 „mihi
1542 1964 1751 2034 quidem
1791 1966 1964 2014 intima
1996 1966 2316 2030 familiaritas,
2350 1988 2504 2038 quam
2537 1989 2657 2022 cum

208 2048 342 2096 hisce
377 2047 630 2114 opusculis
665 2046 960 2095 contrahere
995 2047 1170 2106 debui,
1204 2065 1360 2115 prope
1394 2048 1460 2097 ad
1492 2048 1756 2095 veritatem
1788 2047 2059 2112 persuasit,
2095 2064 2152 2095 ea
2187 2066 2248 2097 ex
2283 2051 2434 2099 unius
2465 2051 2655 2118 opificis

206 2127 460 2185 manibus,
497 2136 630 2175 certe
666 2144 728 2174 ex
760 2127 909 2175 unius
943 2127 1142 2176 scholae
1176 2128 1380 2177 officina
1413 2129 1655 2176 venisse.“
1687 2126 1748 2173 In
1778 2124 1991 2174 eandem
2024 2129 2317 2177 sententiam
2353 2131 2566 2180 Beckius
2586 2131 2656 2180 lo-

206 2208 382 2272 quitur
403 2209 454 2255 in
470 2223 662 2256 excurs.
682 2206 747 2254 ad
761 2206 839 2255 lV.
863 2216 985 2254 orat.
1005 2208 1145 2265 „Etsi
1165 2208 1215 2255 in
1232 2207 1430 2256 duabus
1448 2207 1709 2272 postremis
1727 2206 2171 2256 declamationibus
2189 2209 2337 2274 plura
2356 2222 2652 2268 narrantur,

209 2303 362 2351 quam
400 2287 452 2332 in
487 2286 662 2351 primis
708 2285 930 2343 duabus,
980 2294 1143 2333 tamen
1178 2304 1235 2334 ea
1277 2296 1351 2335 est
1384 2287 1566 2334 harum
1600 2286 2025 2334 declamationum
2057 2290 2403 2337 convenientia
2436 2292 2487 2338 in
2516 2295 2654 2341 omni

205 2365 646 2430 argumentationis
680 2374 729 2410 et
762 2365 993 2412 dictionis
1026 2364 1204 2422 modo,
1240 2375 1297 2411 ut
1330 2382 1433 2412 non
1466 2359 1721 2431 pluribus,
1758 2367 1847 2414 sed
1881 2368 1968 2413 uni
1990 2368 2183 2415 auctori
2216 2368 2514 2418 tribuendae
2549 2386 2653 2420 esse

202 2443 324 2491 mihi
359 2462 477 2492 cum
509 2443 696 2492 Wolfio
737 2443 1054 2490 videantur.“
1094 2443 1242 2490 Unde
1285 2443 1381 2490 hoc
1421 2443 1661 2504 efficitur,
1709 2456 1766 2492 ut
1801 2447 1864 2493 de
1912 2448 2146 2496 omnibus
2180 2451 2491 2500 orationibus
2536 2468 2655 2502 con-

205 2525 417 2572 iunctim
449 2534 499 2571 et
533 2526 835 2581 universim,
880 2525 1020 2589 quasi
1054 2523 1117 2570 de
1151 2540 1360 2589 corpore
1396 2524 1619 2589 quodam
1651 2526 1879 2592 quinque
1913 2529 2158 2593 partium,
2195 2529 2443 2596 disputari
2477 2536 2646 2599 possit.

343 2603 520 2667 Quum
555 2606 706 2672 igitur
747 2622 809 2652 ex
840 2605 1132 2653 testimoniis
1183 2605 1335 2670 ipsius
1377 2604 1632 2653 Ciceronis
1659 2613 1864 2666 constet,
1899 2606 2147 2655 orationes
2192 2616 2305 2673 post
2335 2608 2558 2659 reditum
2591 2613 2644 2660 in

201 2685 387 2732 Senatu
421 2696 471 2734 et
501 2703 594 2753 pro
629 2685 780 2734 domo
814 2684 971 2733 editas
1005 2701 1132 2746 esse3
1166 2701 1328 2752 quum
1362 2685 1470 2733 iure
1503 2683 1726 2735 dubitari
1759 2701 1862 2734 non
1894 2687 2072 2752 possit,
2108 2688 2234 2754 quin
2267 2688 2417 2738 etiam
2463 2691 2646 2740 oratio-

203 2780 292 2812 nes
325 2764 390 2812 ad
439 2764 662 2828 Quirites
714 2774 825 2832 post
868 2764 1091 2823 reditum
1124 2774 1174 2815 et
1214 2782 1307 2833 pro
1340 2766 1415 2819 Μ.
1458 2764 1728 2823 Marcello,
1764 2781 1927 2832 quum
1957 2766 2167 2825 habitae,
2202 2776 2312 2816 tum
2344 2768 2557 2835 scriptae
2593 2780 2646 2820 et

204 2844 366 2895 editae
400 2845 760 2917 sintz'propter
791 2845 1186 2907 similitudinem,
1223 2864 1350 2914 quae
1385 2864 1502 2896 cum
1535 2843 1632 2892 illis
1665 2844 1930 2894 intercedit
1963 2847 2172 2895 orationi
2207 2846 2271 2895 de
2306 2848 2646 2915 Haruspicum

203 2924 466 2990 responsis,
499 2923 628 2973 hanc
660 2941 864 2991 quoque
899 2944 927 2974 a
960 2926 1203 2975 Cicerone
1238 2929 1570 2995 conscriptam
1603 2943 1706 2975 esse
1741 2927 2008 2976 concedes:
2043 2930 2083 2978 si
2118 2928 2393 2981 duodecim
2425 2935 2644 2997 testium,

204 3019 331 3069 quos
364 3003 530 3051 statim
581 3003 974 3064 nominabimus,
1025 3001 1319 3056 auctoritate
1361 3018 1409 3057 et
1448 3010 1740 3070 criminum,
1776 3029 1903 3078 quae
1939 3012 2121 3075 iniecta
2170 3023 2310 3074 sunt,
2345 3014 2643 3081 depulsione

201 3082 472 3150 probatum
501 3083 611 3142 erit,
646 3085 904 3144 orationes,
940 3085 1004 3134 de
1035 3087 1220 3153 quibus
1253 3089 1408 3155 ipsius
1440 3093 1721 3143 testimonia
1739 3094 1994 3144 Ciceronis
2012 3096 2294 3156 attulimus,
2315 3097 2520 3149 easdem
2535 3116 2641 3150 esse

205 3235 267 3282 ι9)
299 3235 386 3273 Vid·
411 3235 607 3272 Hermann·
633 3234 680 3268 ‘d
706 3236 829 3281 Vigef·
852 3248 888 3283 P·
916 3240 1002 3276 856·
1033 3239 1173 3277 Ψθὶδὶ·
1201 3251 1398 3286 comment.
1422 3260 1458 3296 p.
1484 3248 1547 3288 49.
1572 3262 1627 3298 sq.-
1656 3251 1749 3297 Huga
1777 3250 1934 3286 Lucubr.
1960 3263 1999 3299 p.
2027 3258 2064 3292 5.
2090 3264 2146 3302 sq.

201 3295 268 3337 20)
300 3294 381 3329 noc
405 3296 524 3340 ipsum
549 3305 595 3329 ne
622 3296 703 3341 quis
727 3296 892 3339 miretur,
920 3304 1089 3344 reputet,
1115 3312 1233 3348 nuper
1259 3305 1410 3341 inventa
1435 3318 1511 3342 esse
1537 3308 1740 3355 fragmenta
1767 3311 1944 3345 orationi·
1979 3310 2026 3346 de
2050 3323 2134 3348 aere
2159 3313 2286 3352 alieno
2313 3316 2491 3366 Nilotis,
2533 3323 2636 3359 culus

305 3353 448 3390 nullam
474 3355 647 3391 notitiam
672 3355 743 3392 viri
770 3353 872 3391 <loeti
893 3355 1094 3404 habebant,
1125 3371 1247 3409 neque
1265 3376 1287 3399 a
1308 3364 1487 3402 Cicerone
1511 3378 1631 3415 neque
1655 3368 1702 3402 ab
1726 3368 1800 3403 alio
1829 3371 2019 3417 scriptore.
