<?xml version="1.0" encoding="UTF-8"?>
<!DOCTYPE html PUBLIC "-//W3C//DTD XHTML 1.0 Transitional//EN"
    "http://www.w3.org/TR/xhtml1/DTD/xhtml1-transitional.dtd">
<html xmlns="http://www.w3.org/1999/xhtml" xml:lang="en" lang="en">
 <head>
  <title>
</title>
<meta http-equiv="Content-Type" content="text/html;charset=utf-8" />
  <meta name='ocr-system' content='tesseract 3.04.00' />
  <meta name='ocr-capabilities' content='ocr_page ocr_carea ocr_par ocr_line ocrx_word'/>
</head>
<body>
  <div class='ocr_page' id='page_1' title='image "4766177_0038.png"; bbox 0 0 3007 3888; ppageno 0'>
   <div class='ocr_carea' id='block_1_1' title="bbox 319 146 480 197">
    <p class='ocr_par' dir='ltr' id='par_1_1' title="bbox 319 146 480 197">
     <span class='ocr_line' id='line_1_1' title="bbox 319 146 480 197; baseline -0.019 0"><span class='ocrx_word' id='word_1_1' title='bbox 319 146 480 197; x_wconf 88' lang='lat' dir='ltr'><strong>XXX</strong></span> 
     </span>
    </p>
   </div>
   <div class='ocr_carea' id='block_1_2' title="bbox 314 266 2811 1538">
    <p class='ocr_par' dir='ltr' id='par_1_2' title="bbox 314 266 2811 1538">
     <span class='ocr_line' id='line_1_2' title="bbox 319 266 2800 339; baseline -0.001 -14"><span class='ocrx_word' id='word_1_2' title='bbox 319 283 369 325; x_wconf 92' lang='lat' dir='ltr'><strong>et</strong></span> <span class='ocrx_word' id='word_1_3' title='bbox 402 273 765 324; x_wconf 87' lang='lat' dir='ltr'><strong>obscuritatem</strong></span> <span class='ocrx_word' id='word_1_4' title='bbox 801 271 993 330; x_wconf 79' lang='lat' dir='ltr'><strong>attinet,</strong></span> <span class='ocrx_word' id='word_1_5' title='bbox 1015 268 1191 320; x_wconf 86' lang='lat' dir='ltr'><strong>similis</strong></span> <span class='ocrx_word' id='word_1_6' title='bbox 1227 277 1299 318; x_wconf 90' lang='lat' dir='ltr'><strong>est</strong></span> <span class='ocrx_word' id='word_1_7' title='bbox 1331 268 1474 318; x_wconf 89' lang='lat' dir='ltr'><strong>locus</strong></span> <span class='ocrx_word' id='word_1_8' title='bbox 1507 282 1601 333; x_wconf 92' lang='lat' dir='ltr'><strong>pro</strong></span> <span class='ocrx_word' id='word_1_9' title='bbox 1634 266 1844 326; x_wconf 81' lang='lat' dir='ltr'>Milone,</span> <span class='ocrx_word' id='word_1_10' title='bbox 1879 285 1923 316; x_wconf 89' lang='lat' dir='ltr'><strong>c.</strong></span> <span class='ocrx_word' id='word_1_11' title='bbox 1959 287 2006 317; x_wconf 84' lang='lat'><strong>2.</strong></span> <span class='ocrx_word' id='word_1_12' title='bbox 2040 270 2399 339; x_wconf 82' lang='lat' dir='ltr'><strong>„Quamquam</strong></span> <span class='ocrx_word' id='word_1_13' title='bbox 2425 272 2475 321; x_wconf 86' lang='lat' dir='ltr'><strong>in</strong></span> <span class='ocrx_word' id='word_1_14' title='bbox 2510 272 2604 321; x_wconf 86' lang='lat' dir='ltr'><strong>hac</strong></span> <span class='ocrx_word' id='word_1_15' title='bbox 2637 282 2800 334; x_wconf 84' lang='lat' dir='ltr'><strong>causa,</strong></span> 
     </span>
     <span class='ocr_line' id='line_1_3' title="bbox 319 345 2802 421; baseline 0 -17"><span class='ocrx_word' id='word_1_16' title='bbox 319 354 537 415; x_wconf 86' lang='lat' dir='ltr'><strong>Iudices,</strong></span> <span class='ocrx_word' id='word_1_17' title='bbox 575 353 634 400; x_wconf 90' lang='lat' dir='ltr'><strong>T.</strong></span> <span class='ocrx_word' id='word_1_18' title='bbox 669 350 825 399; x_wconf 88' lang='lat' dir='ltr'><strong>Annii</strong></span> <span class='ocrx_word' id='word_1_19' title='bbox 853 350 1137 410; x_wconf 84' lang='lat' dir='ltr'><strong>tribunatu,</strong></span> <span class='ocrx_word' id='word_1_20' title='bbox 1170 349 1424 416; x_wconf 84' lang='lat' dir='ltr'>rebusque</span> <span class='ocrx_word' id='word_1_21' title='bbox 1458 345 1695 396; x_wconf 86' lang='lat' dir='ltr'><strong>omnibus</strong></span> <span class='ocrx_word' id='word_1_22' title='bbox 1727 361 1823 414; x_wconf 91' lang='lat' dir='ltr'><strong>pro</strong></span> <span class='ocrx_word' id='word_1_23' title='bbox 1857 347 2018 397; x_wconf 86' lang='lat' dir='ltr'><strong>salute</strong></span> <span class='ocrx_word' id='word_1_24' title='bbox 2051 352 2362 420; x_wconf 85' lang='lat' dir='ltr'><strong>reipublicae</strong></span> <span class='ocrx_word' id='word_1_25' title='bbox 2395 354 2555 421; x_wconf 75' lang='lat' dir='ltr'><strong>gestiS,</strong></span> <span class='ocrx_word' id='word_1_26' title='bbox 2567 351 2632 403; x_wconf 90' lang='lat' dir='ltr'><strong>ad</strong></span> <span class='ocrx_word' id='word_1_27' title='bbox 2652 352 2802 406; x_wconf 76' lang='lat' dir='ltr'><strong>huius</strong></span> 
     </span>
     <span class='ocr_line' id='line_1_4' title="bbox 322 426 2801 487; baseline -0.001 0"><span class='ocrx_word' id='word_1_28' title='bbox 322 435 549 487; x_wconf 88' lang='lat' dir='ltr'><strong>criminis</strong></span> <span class='ocrx_word' id='word_1_29' title='bbox 583 432 936 481; x_wconf 85' lang='lat' dir='ltr'><strong>defensionem</strong></span> <span class='ocrx_word' id='word_1_30' title='bbox 968 450 1074 482; x_wconf 88' lang='lat' dir='ltr'><strong>non</strong></span> <span class='ocrx_word' id='word_1_31' title='bbox 1107 431 1394 486; x_wconf 72' lang='lat' dir='ltr'><strong>abutemur,</strong></span> <span class='ocrx_word' id='word_1_32' title='bbox 1433 428 1528 475; x_wconf 88' lang='lat' dir='ltr'><strong>nisi</strong></span> <span class='ocrx_word' id='word_1_33' title='bbox 1573 426 1734 475; x_wconf 87' lang='lat' dir='ltr'><strong>oculis</strong></span> <span class='ocrx_word' id='word_1_34' title='bbox 1789 426 2032 477; x_wconf 80' lang='lat' dir='ltr'><strong>videretis</strong></span> <span class='ocrx_word' id='word_1_35' title='bbox 2083 430 2289 482; x_wconf 80' lang='lat' dir='ltr'><strong>insidias</strong></span> <span class='ocrx_word' id='word_1_36' title='bbox 2340 434 2521 485; x_wconf 86' lang='lat' dir='ltr'><strong>Miloni</strong></span> <span class='ocrx_word' id='word_1_37' title='bbox 2556 453 2585 486; x_wconf 83' lang='lat' dir='ltr'><strong>a</strong></span> <span class='ocrx_word' id='word_1_38' title='bbox 2618 433 2801 484; x_wconf 86' lang='lat' dir='ltr'><strong>Clodio</strong></span> 
     </span>
     <span class='ocr_line' id='line_1_5' title="bbox 321 506 2802 582; baseline -0.004 -17"><span class='ocrx_word' id='word_1_39' title='bbox 321 519 510 575; x_wconf 82' lang='lat' dir='ltr'><strong>factas3</strong></span> <span class='ocrx_word' id='word_1_40' title='bbox 544 531 641 562; x_wconf 88' lang='lat' dir='ltr'><strong>nec</strong></span> <span class='ocrx_word' id='word_1_41' title='bbox 677 513 1001 581; x_wconf 85' lang='lat' dir='ltr'><strong>deprecaturi</strong></span> <span class='ocrx_word' id='word_1_42' title='bbox 1036 528 1225 570; x_wconf 88' lang='lat' dir='ltr'><strong>sumus,</strong></span> <span class='ocrx_word' id='word_1_43' title='bbox 1260 519 1317 558; x_wconf 90' lang='lat' dir='ltr'><strong>ut</strong></span> <span class='ocrx_word' id='word_1_44' title='bbox 1351 509 1545 557; x_wconf 88' lang='lat' dir='ltr'><strong>crimen</strong></span> <span class='ocrx_word' id='word_1_45' title='bbox 1578 506 1678 556; x_wconf 85' lang='lat' dir='ltr'><strong>hoc</strong></span> <span class='ocrx_word' id='word_1_46' title='bbox 1709 506 1856 556; x_wconf 88' lang='lat' dir='ltr'><strong>nobis</strong></span> <span class='ocrx_word' id='word_1_47' title='bbox 1889 507 2050 554; x_wconf 83' lang='lat' dir='ltr'><strong>multa</strong></span> <span class='ocrx_word' id='word_1_48' title='bbox 2082 521 2294 576; x_wconf 72' lang='lat' dir='ltr'><strong>propter</strong></span> <span class='ocrx_word' id='word_1_49' title='bbox 2311 515 2572 582; x_wconf 59' lang='lat' dir='ltr'><strong>praeclara</strong></span> <span class='ocrx_word' id='word_1_50' title='bbox 2603 517 2656 564; x_wconf 72' lang='lat' dir='ltr'><strong>in</strong></span> <span class='ocrx_word' id='word_1_51' title='bbox 2671 532 2802 567; x_wconf 67' lang='lat' dir='ltr'><strong>rem.</strong></span> 
     </span>
     <span class='ocr_line' id='line_1_6' title="bbox 321 587 2800 665; baseline 0 -21"><span class='ocrx_word' id='word_1_52' title='bbox 321 596 585 665; x_wconf 83' lang='lat' dir='ltr'><strong>publicam</strong></span> <span class='ocrx_word' id='word_1_53' title='bbox 617 595 801 643; x_wconf 88' lang='lat' dir='ltr'><strong>merita</strong></span> <span class='ocrx_word' id='word_1_54' title='bbox 835 593 1155 653; x_wconf 82' lang='lat' dir='ltr'><strong>condonetis3</strong></span> <span class='ocrx_word' id='word_1_55' title='bbox 1188 606 1284 638; x_wconf 90' lang='lat' dir='ltr'><strong>nec</strong></span> <span class='ocrx_word' id='word_1_56' title='bbox 1316 588 1636 656; x_wconf 80' lang='lat' dir='ltr'><strong>postulaturi,</strong></span> <span class='ocrx_word' id='word_1_57' title='bbox 1672 587 1798 645; x_wconf 85' lang='lat' dir='ltr'><strong>ut,si</strong></span> <span class='ocrx_word' id='word_1_58' title='bbox 1831 603 1969 637; x_wconf 86' lang='lat' dir='ltr'><strong>mors</strong></span> <span class='ocrx_word' id='word_1_59' title='bbox 2001 589 2055 637; x_wconf 90' lang='lat' dir='ltr'><strong>P.</strong></span> <span class='ocrx_word' id='word_1_60' title='bbox 2077 588 2244 638; x_wconf 85' lang='lat' dir='ltr'><strong>Clodii</strong></span> <span class='ocrx_word' id='word_1_61' title='bbox 2274 592 2409 643; x_wconf 86' lang='lat' dir='ltr'><strong>salus</strong></span> <span class='ocrx_word' id='word_1_62' title='bbox 2440 602 2606 645; x_wconf 77' lang='lat' dir='ltr'><strong>vestra</strong></span> <span class='ocrx_word' id='word_1_63' title='bbox 2629 587 2800 656; x_wconf 74' lang='lat' dir='ltr'><strong>fuerit,</strong></span> 
     </span>
     <span class='ocr_line' id='line_1_7' title="bbox 318 667 2801 738; baseline -0 -12"><span class='ocrx_word' id='word_1_64' title='bbox 318 677 516 726; x_wconf 90' lang='lat' dir='ltr'><strong>idcirco</strong></span> <span class='ocrx_word' id='word_1_65' title='bbox 552 693 666 724; x_wconf 91' lang='lat' dir='ltr'><strong>eam</strong></span> <span class='ocrx_word' id='word_1_66' title='bbox 698 676 874 723; x_wconf 82' lang='lat' dir='ltr'><strong>virtuti</strong></span> <span class='ocrx_word' id='word_1_67' title='bbox 909 673 1116 722; x_wconf 90' lang='lat' dir='ltr'><strong>Milonis</strong></span> <span class='ocrx_word' id='word_1_68' title='bbox 1148 671 1327 738; x_wconf 91' lang='lat' dir='ltr'><strong>potius,</strong></span> <span class='ocrx_word' id='word_1_69' title='bbox 1365 684 1519 734; x_wconf 90' lang='lat' dir='ltr'><strong>quam</strong></span> <span class='ocrx_word' id='word_1_70' title='bbox 1551 667 1727 733; x_wconf 90' lang='lat' dir='ltr'><strong>populi</strong></span> <span class='ocrx_word' id='word_1_71' title='bbox 1744 668 1958 717; x_wconf 88' lang='lat' dir='ltr'><strong>Romani</strong></span> <span class='ocrx_word' id='word_1_72' title='bbox 1992 667 2218 718; x_wconf 78' lang='lat' dir='ltr'><strong>felicitati</strong></span> <span class='ocrx_word' id='word_1_73' title='bbox 2252 671 2532 738; x_wconf 78' lang='lat' dir='ltr'><strong>assignetis:</strong></span> <span class='ocrx_word' id='word_1_74' title='bbox 2567 675 2646 723; x_wconf 86' lang='lat' dir='ltr'><strong>sin</strong></span> <span class='ocrx_word' id='word_1_75' title='bbox 2664 673 2801 726; x_wconf 71' lang='lat' dir='ltr'><strong>illius</strong></span> 
     </span>
     <span class='ocr_line' id='line_1_8' title="bbox 318 745 2799 817; baseline -0.002 -11"><span class='ocrx_word' id='word_1_76' title='bbox 318 757 532 806; x_wconf 87' lang='lat' dir='ltr'><strong>insidiae</strong></span> <span class='ocrx_word' id='word_1_77' title='bbox 568 757 808 806; x_wconf 91' lang='lat' dir='ltr'><strong>clariores</strong></span> <span class='ocrx_word' id='word_1_78' title='bbox 842 755 936 802; x_wconf 89' lang='lat' dir='ltr'><strong>hac</strong></span> <span class='ocrx_word' id='word_1_79' title='bbox 968 752 1084 800; x_wconf 93' lang='lat' dir='ltr'><strong>luce</strong></span> <span class='ocrx_word' id='word_1_80' title='bbox 1117 750 1331 807; x_wconf 83' lang='lat' dir='ltr'><strong>fuerint3</strong></span> <span class='ocrx_word' id='word_1_81' title='bbox 1365 755 1478 794; x_wconf 90' lang='lat' dir='ltr'><strong>tum</strong></span> <span class='ocrx_word' id='word_1_82' title='bbox 1512 745 1734 813; x_wconf 86' lang='lat' dir='ltr'><strong>denique</strong></span> <span class='ocrx_word' id='word_1_83' title='bbox 1768 747 2061 808; x_wconf 80' lang='lat' dir='ltr'><strong>obsecrabo,</strong></span> <span class='ocrx_word' id='word_1_84' title='bbox 2095 748 2487 817; x_wconf 83' lang='lat' dir='ltr'><strong>obtestaborque</strong></span> <span class='ocrx_word' id='word_1_85' title='bbox 2519 767 2625 812; x_wconf 78' lang='lat' dir='ltr'><strong>vos,</strong></span> <span class='ocrx_word' id='word_1_86' title='bbox 2660 754 2799 803; x_wconf 85' lang='lat' dir='ltr'><strong>Iudi-</strong></span> 
     </span>
     <span class='ocr_line' id='line_1_9' title="bbox 319 826 2799 898; baseline -0.002 -10"><span class='ocrx_word' id='word_1_87' title='bbox 319 855 419 898; x_wconf 90' lang='lat' dir='ltr'><strong>ces,</strong></span> <span class='ocrx_word' id='word_1_88' title='bbox 455 840 495 887; x_wconf 92' lang='lat' dir='ltr'><strong>si</strong></span> <span class='ocrx_word' id='word_1_89' title='bbox 532 847 698 886; x_wconf 90' lang='lat' dir='ltr'><strong>cetera</strong></span> <span class='ocrx_word' id='word_1_90' title='bbox 749 836 1018 891; x_wconf 77' lang='lat' dir='ltr'><strong>amisimuS,</strong></span> <span class='ocrx_word' id='word_1_91' title='bbox 1061 831 1158 879; x_wconf 90' lang='lat' dir='ltr'><strong>hoc</strong></span> <span class='ocrx_word' id='word_1_92' title='bbox 1203 830 1377 877; x_wconf 90' lang='lat' dir='ltr'><strong>saltem</strong></span> <span class='ocrx_word' id='word_1_93' title='bbox 1427 827 1573 876; x_wconf 90' lang='lat' dir='ltr'><strong>nobis</strong></span> <span class='ocrx_word' id='word_1_94' title='bbox 1626 835 1685 874; x_wconf 90' lang='lat' dir='ltr'><strong>ut</strong></span> <span class='ocrx_word' id='word_1_95' title='bbox 1724 826 2061 894; x_wconf 86' lang='lat' dir='ltr'><strong>relinquatur,</strong></span> <span class='ocrx_word' id='word_1_96' title='bbox 2113 829 2178 878; x_wconf 89' lang='lat' dir='ltr'><strong>ab</strong></span> <span class='ocrx_word' id='word_1_97' title='bbox 2223 831 2546 887; x_wconf 84' lang='lat' dir='ltr'><strong>inimicorum</strong></span> <span class='ocrx_word' id='word_1_98' title='bbox 2587 831 2799 884; x_wconf 81' lang='lat' dir='ltr'><strong>audacia</strong></span> 
     </span>
     <span class='ocr_line' id='line_1_10' title="bbox 317 905 2800 987; baseline -0.005 -20"><span class='ocrx_word' id='word_1_99' title='bbox 317 921 536 987; x_wconf 88' lang='lat' dir='ltr'><strong>telisque</strong></span> <span class='ocrx_word' id='word_1_100' title='bbox 570 921 727 966; x_wconf 84' lang='lat' dir='ltr'><strong>vitam</strong></span> <span class='ocrx_word' id='word_1_101' title='bbox 761 925 818 963; x_wconf 89' lang='lat' dir='ltr'><strong>ut</strong></span> <span class='ocrx_word' id='word_1_102' title='bbox 852 916 1059 980; x_wconf 89' lang='lat' dir='ltr'><strong>impune</strong></span> <span class='ocrx_word' id='word_1_103' title='bbox 1093 912 1241 958; x_wconf 88' lang='lat' dir='ltr'><strong>liceat</strong></span> <span class='ocrx_word' id='word_1_104' title='bbox 1273 907 1601 956; x_wconf 86' lang='lat' dir='ltr'><strong>defendere.“</strong></span> <span class='ocrx_word' id='word_1_105' title='bbox 1631 905 1800 968; x_wconf 91' lang='lat' dir='ltr'><strong>(Conf.</strong></span> <span class='ocrx_word' id='word_1_106' title='bbox 1838 906 1902 954; x_wconf 90' lang='lat' dir='ltr'><strong>de</strong></span> <span class='ocrx_word' id='word_1_107' title='bbox 1936 925 2009 956; x_wconf 88' lang='lat' dir='ltr'><strong>or.</strong></span> <span class='ocrx_word' id='word_1_108' title='bbox 2046 909 2110 967; x_wconf 87' lang='lat' dir='ltr'><strong>II,</strong></span> <span class='ocrx_word' id='word_1_109' title='bbox 2145 926 2190 960; x_wconf 93' lang='lat' dir='ltr'><strong>c.</strong></span> <span class='ocrx_word' id='word_1_110' title='bbox 2234 913 2304 959; x_wconf 87' lang='lat'><strong>16.</strong></span> <span class='ocrx_word' id='word_1_111' title='bbox 2347 929 2418 979; x_wconf 88' lang='lat'><strong>¹7·</strong></span> <span class='ocrx_word' id='word_1_112' title='bbox 2452 912 2553 977; x_wconf 75' lang='grc'><strong>24.)</strong></span> <span class='ocrx_word' id='word_1_113' title='bbox 2585 911 2667 959; x_wconf 82' lang='lat' dir='ltr'><strong>Ex</strong></span> <span class='ocrx_word' id='word_1_114' title='bbox 2700 914 2800 961; x_wconf 77' lang='lat' dir='ltr'><strong>sin-</strong></span> 
     </span>
     <span class='ocr_line' id='line_1_11' title="bbox 319 986 2793 1065; baseline -0.002 -17"><span class='ocrx_word' id='word_1_115' title='bbox 319 1000 453 1065; x_wconf 82' lang='lat' dir='ltr'><strong>gulis</strong></span> <span class='ocrx_word' id='word_1_116' title='bbox 488 998 656 1047; x_wconf 69' lang='lat' dir='ltr'><strong>verbis</strong></span> <span class='ocrx_word' id='word_1_117' title='bbox 690 1006 739 1044; x_wconf 90' lang='lat' dir='ltr'><strong>et</strong></span> <span class='ocrx_word' id='word_1_118' title='bbox 773 991 1160 1061; x_wconf 89' lang='lat' dir='ltr'><strong>loquutionibus</strong></span> <span class='ocrx_word' id='word_1_119' title='bbox 1194 997 1401 1037; x_wconf 89' lang='lat' dir='ltr'><strong>notatur</strong></span> <span class='ocrx_word' id='word_1_120' title='bbox 1433 986 1654 1036; x_wconf 89' lang='lat' dir='ltr'><strong>formula</strong></span> <span class='ocrx_word' id='word_1_121' title='bbox 1700 987 1990 1036; x_wconf 82' lang='lat' dir='ltr'><strong>devotionis</strong></span> <span class='ocrx_word' id='word_1_122' title='bbox 2032 992 2287 1048; x_wconf 72' lang='lat' dir='ltr'><strong>convinci,</strong></span> <span class='ocrx_word' id='word_1_123' title='bbox 2338 992 2391 1039; x_wconf 89' lang='lat' dir='ltr'><strong>in</strong></span> <span class='ocrx_word' id='word_1_124' title='bbox 2437 1009 2539 1059; x_wconf 88' lang='lat' dir='ltr'><strong>qua</strong></span> <span class='ocrx_word' id='word_1_125' title='bbox 2586 993 2793 1059; x_wconf 75' lang='lat' dir='ltr'><strong>genitivi</strong></span> 
     </span>
     <span class='ocr_line' id='line_1_12' title="bbox 322 1068 2797 1140; baseline -0.002 -15"><span class='ocrx_word' id='word_1_126' title='bbox 322 1078 649 1133; x_wconf 85' lang='lat' dir='ltr'><strong>constructio,</strong></span> <span class='ocrx_word' id='word_1_127' title='bbox 683 1093 774 1140; x_wconf 90' lang='lat' dir='ltr'><strong>per</strong></span> <span class='ocrx_word' id='word_1_128' title='bbox 808 1090 860 1121; x_wconf 89' lang='lat' dir='ltr'><strong>se</strong></span> <span class='ocrx_word' id='word_1_129' title='bbox 895 1071 1107 1139; x_wconf 91' lang='lat' dir='ltr'><strong>quidem</strong></span> <span class='ocrx_word' id='word_1_130' title='bbox 1140 1071 1333 1128; x_wconf 88' lang='lat' dir='ltr'><strong>Latina,</strong></span> <span class='ocrx_word' id='word_1_131' title='bbox 1370 1069 1422 1116; x_wconf 92' lang='lat' dir='ltr'><strong>in</strong></span> <span class='ocrx_word' id='word_1_132' title='bbox 1458 1068 1682 1117; x_wconf 90' lang='lat' dir='ltr'><strong>alienum</strong></span> <span class='ocrx_word' id='word_1_133' title='bbox 1714 1069 1858 1136; x_wconf 85' lang='lat' dir='ltr'><strong>quasi</strong></span> <span class='ocrx_word' id='word_1_134' title='bbox 1893 1068 2213 1118; x_wconf 86' lang='lat' dir='ltr'><strong>domicilium</strong></span> <span class='ocrx_word' id='word_1_135' title='bbox 2245 1069 2486 1118; x_wconf 84' lang='lat' dir='ltr'><strong>translata</strong></span> <span class='ocrx_word' id='word_1_136' title='bbox 2519 1071 2596 1119; x_wconf 87' lang='lat' dir='ltr'><strong>sit.</strong></span> <span class='ocrx_word' id='word_1_137' title='bbox 2662 1071 2797 1138; x_wconf 86' lang='lat' dir='ltr'><strong>Ergo</strong></span> 
     </span>
     <span class='ocr_line' id='line_1_13' title="bbox 319 1148 2798 1220; baseline -0.002 -15"><span class='ocrx_word' id='word_1_138' title='bbox 319 1159 499 1206; x_wconf 88' lang='lat' dir='ltr'><strong>Latine</strong></span> <span class='ocrx_word' id='word_1_139' title='bbox 525 1157 625 1204; x_wconf 89' lang='lat' dir='ltr'><strong>dici</strong></span> <span class='ocrx_word' id='word_1_140' title='bbox 644 1158 942 1204; x_wconf 74' lang='lat' dir='ltr'><strong>convincere</strong></span> <span class='ocrx_word' id='word_1_141' title='bbox 976 1154 1199 1220; x_wconf 83' lang='lat' dir='ltr'><strong>aliquem</strong></span> <span class='ocrx_word' id='word_1_142' title='bbox 1228 1148 1488 1212; x_wconf 84' lang='lat' dir='ltr'><strong>maleficii,</strong></span> <span class='ocrx_word' id='word_1_143' title='bbox 1534 1148 1921 1197; x_wconf 78' lang='lat' dir='ltr'><strong>inhumanitatis</strong></span> <span class='ocrx_word' id='word_1_144' title='bbox 1961 1148 2171 1197; x_wconf 88' lang='lat' dir='ltr'><strong>minime</strong></span> <span class='ocrx_word' id='word_1_145' title='bbox 2220 1157 2371 1216; x_wconf 84' lang='lat' dir='ltr'><strong>negat</strong></span> <span class='ocrx_word' id='word_1_146' title='bbox 2420 1150 2655 1211; x_wconf 88' lang='lat' dir='ltr'><strong>Wolfius,</strong></span> <span class='ocrx_word' id='word_1_147' title='bbox 2707 1151 2798 1201; x_wconf 87' lang='lat' dir='ltr'><strong>sed</strong></span> 
     </span>
     <span class='ocr_line' id='line_1_14' title="bbox 319 1225 2800 1305; baseline -0.002 -19"><span class='ocrx_word' id='word_1_148' title='bbox 319 1256 503 1305; x_wconf 88' lang='lat' dir='ltr'><strong>parum</strong></span> <span class='ocrx_word' id='word_1_149' title='bbox 537 1238 714 1284; x_wconf 87' lang='lat' dir='ltr'><strong>Latine</strong></span> <span class='ocrx_word' id='word_1_150' title='bbox 749 1234 891 1300; x_wconf 87' lang='lat' dir='ltr'><strong>loqui</strong></span> <span class='ocrx_word' id='word_1_151' title='bbox 929 1240 1113 1290; x_wconf 89' lang='lat' dir='ltr'><strong>censet,</strong></span> <span class='ocrx_word' id='word_1_152' title='bbox 1150 1231 1189 1278; x_wconf 91' lang='lat' dir='ltr'><strong>si</strong></span> <span class='ocrx_word' id='word_1_153' title='bbox 1226 1228 1340 1292; x_wconf 84' lang='lat' dir='ltr'><strong>quis</strong></span> <span class='ocrx_word' id='word_1_154' title='bbox 1376 1225 1443 1274; x_wconf 88' lang='lat' dir='ltr'><strong>ad</strong></span> <span class='ocrx_word' id='word_1_155' title='bbox 1477 1225 1609 1278; x_wconf 88' lang='lat' dir='ltr'><strong>hanc</strong></span> <span class='ocrx_word' id='word_1_156' title='bbox 1645 1228 1923 1295; x_wconf 85' lang='lat' dir='ltr'><strong>analogiam</strong></span> <span class='ocrx_word' id='word_1_157' title='bbox 1957 1228 2107 1288; x_wconf 89' lang='lat' dir='ltr'><strong>dicat,</strong></span> <span class='ocrx_word' id='word_1_158' title='bbox 2143 1246 2198 1279; x_wconf 89' lang='lat' dir='ltr'><strong>se</strong></span> <span class='ocrx_word' id='word_1_159' title='bbox 2230 1233 2516 1279; x_wconf 78' lang='lat' dir='ltr'><strong>convictum</strong></span> <span class='ocrx_word' id='word_1_160' title='bbox 2558 1248 2670 1281; x_wconf 87' lang='lat' dir='ltr'><strong>esse</strong></span> <span class='ocrx_word' id='word_1_161' title='bbox 2713 1234 2800 1282; x_wconf 86' lang='lat' dir='ltr'><strong>de-</strong></span> 
     </span>
     <span class='ocr_line' id='line_1_15' title="bbox 315 1308 2795 1376; baseline -0.002 -12"><span class='ocrx_word' id='word_1_162' title='bbox 315 1319 554 1364; x_wconf 82' lang='lat' dir='ltr'><strong>votionis.</strong></span> <span class='ocrx_word' id='word_1_163' title='bbox 589 1316 658 1362; x_wconf 90' lang='lat' dir='ltr'><strong>At</strong></span> <span class='ocrx_word' id='word_1_164' title='bbox 691 1314 814 1361; x_wconf 88' lang='lat' dir='ltr'><strong>mihi</strong></span> <span class='ocrx_word' id='word_1_165' title='bbox 846 1312 1053 1361; x_wconf 85' lang='lat' dir='ltr'><strong>videtur</strong></span> <span class='ocrx_word' id='word_1_166' title='bbox 1086 1308 1314 1358; x_wconf 86' lang='lat' dir='ltr'><strong>eiusdem</strong></span> <span class='ocrx_word' id='word_1_167' title='bbox 1347 1308 1547 1373; x_wconf 85' lang='lat' dir='ltr'><strong>generis</strong></span> <span class='ocrx_word' id='word_1_168' title='bbox 1583 1324 1701 1365; x_wconf 89' lang='lat' dir='ltr'><strong>esse,</strong></span> <span class='ocrx_word' id='word_1_169' title='bbox 1735 1308 1980 1355; x_wconf 86' lang='lat' dir='ltr'><strong>damnare</strong></span> <span class='ocrx_word' id='word_1_170' title='bbox 2005 1309 2235 1375; x_wconf 77' lang='lat' dir='ltr'><strong>&#39;aliquem</strong></span> <span class='ocrx_word' id='word_1_171' title='bbox 2253 1311 2375 1367; x_wconf 71' lang='lat' dir='ltr'><strong>voti,</strong></span> <span class='ocrx_word' id='word_1_172' title='bbox 2401 1308 2552 1376; x_wconf 88' lang='lat' dir='ltr'><strong>quod</strong></span> <span class='ocrx_word' id='word_1_173' title='bbox 2583 1309 2795 1376; x_wconf 84' lang='lat' dir='ltr'><strong>legimus</strong></span> 
     </span>
     <span class='ocr_line' id='line_1_16' title="bbox 315 1387 2811 1462; baseline -0.001 -19"><span class='ocrx_word' id='word_1_174' title='bbox 315 1395 454 1462; x_wconf 89' lang='lat' dir='ltr'><strong>apud</strong></span> <span class='ocrx_word' id='word_1_175' title='bbox 490 1395 601 1442; x_wconf 83' lang='lat' dir='ltr'><strong>Liv.</strong></span> <span class='ocrx_word' id='word_1_176' title='bbox 635 1393 747 1451; x_wconf 87' lang='lat' dir='ltr'><strong>VII,</strong></span> <span class='ocrx_word' id='word_1_177' title='bbox 783 1397 861 1443; x_wconf 86' lang='lat'><strong>28.</strong></span> <span class='ocrx_word' id='word_1_178' title='bbox 893 1390 1090 1451; x_wconf 90' lang='lat' dir='ltr'><strong>„Cuius</strong></span> <span class='ocrx_word' id='word_1_179' title='bbox 1123 1388 1391 1436; x_wconf 90' lang='lat' dir='ltr'><strong>damnatus</strong></span> <span class='ocrx_word' id='word_1_180' title='bbox 1426 1387 1529 1435; x_wconf 87' lang='lat' dir='ltr'><strong>voti</strong></span> <span class='ocrx_word' id='word_1_181' title='bbox 1567 1404 1730 1454; x_wconf 92' lang='lat' dir='ltr'><strong>quum</strong></span> <span class='ocrx_word' id='word_1_182' title='bbox 1763 1389 1928 1437; x_wconf 80' lang='lat' dir='ltr'><strong>victor</strong></span> <span class='ocrx_word' id='word_1_183' title='bbox 1962 1389 2173 1437; x_wconf 88' lang='lat' dir='ltr'><strong>Romam</strong></span> <span class='ocrx_word' id='word_1_184' title='bbox 2205 1389 2502 1448; x_wconf 87' lang='lat' dir='ltr'><strong>revertisset,</strong></span> <span class='ocrx_word' id='word_1_185' title='bbox 2539 1388 2811 1444; x_wconf 80' lang='lat' dir='ltr'><strong>dictatura.</strong></span> 
     </span>
     <span class='ocr_line' id='line_1_17' title="bbox 314 1465 2791 1538; baseline -0.003 -13"><span class='ocrx_word' id='word_1_186' title='bbox 314 1494 366 1524; x_wconf 90' lang='lat' dir='ltr'><strong>se</strong></span> <span class='ocrx_word' id='word_1_187' title='bbox 387 1475 689 1524; x_wconf 85' lang='lat' dir='ltr'><strong>abdicavit.“</strong></span> <span class='ocrx_word' id='word_1_188' title='bbox 720 1482 769 1521; x_wconf 91' lang='lat' dir='ltr'><strong>et</strong></span> <span class='ocrx_word' id='word_1_189' title='bbox 791 1490 865 1538; x_wconf 90' lang='lat' dir='ltr'><strong>ap.</strong></span> <span class='ocrx_word' id='word_1_190' title='bbox 888 1471 1040 1520; x_wconf 89' lang='lat' dir='ltr'><strong>Corn.</strong></span> <span class='ocrx_word' id='word_1_191' title='bbox 1071 1470 1194 1536; x_wconf 88' lang='lat' dir='ltr'><strong>Nep.</strong></span> <span class='ocrx_word' id='word_1_192' title='bbox 1223 1466 1408 1519; x_wconf 85' lang='lat' dir='ltr'><strong>Timol.</strong></span> <span class='ocrx_word' id='word_1_193' title='bbox 1437 1473 1484 1522; x_wconf 83' lang='lat'><strong>5.</strong></span> <span class='ocrx_word' id='word_1_194' title='bbox 1505 1467 1684 1527; x_wconf 80' lang='lat' dir='ltr'><strong>‚‚dixit,</strong></span> <span class='ocrx_word' id='word_1_195' title='bbox 1703 1483 1843 1516; x_wconf 90' lang='lat' dir='ltr'><strong>nunc</strong></span> <span class='ocrx_word' id='word_1_196' title='bbox 1872 1465 2082 1516; x_wconf 87' lang='lat' dir='ltr'><strong>demum</strong></span> <span class='ocrx_word' id='word_1_197' title='bbox 2104 1484 2155 1516; x_wconf 89' lang='lat' dir='ltr'><strong>se</strong></span> <span class='ocrx_word' id='word_1_198' title='bbox 2175 1468 2278 1517; x_wconf 83' lang='lat' dir='ltr'><strong>voti</strong></span> <span class='ocrx_word' id='word_1_199' title='bbox 2311 1484 2413 1518; x_wconf 88' lang='lat' dir='ltr'><strong>esse</strong></span> <span class='ocrx_word' id='word_1_200' title='bbox 2443 1467 2791 1523; x_wconf 74' lang='lat' dir='ltr'><strong>damnatum.“</strong></span> 
     </span>
    </p>
   </div>
   <div class='ocr_carea' id='block_1_3' title="bbox 316 1552 1056 1620">
    <p class='ocr_par' dir='ltr' id='par_1_3' title="bbox 316 1552 1056 1620">
     <span class='ocr_line' id='line_1_18' title="bbox 316 1552 1056 1620; baseline -0.007 -16"><span class='ocrx_word' id='word_1_201' title='bbox 316 1555 464 1604; x_wconf 89' lang='lat' dir='ltr'><strong>Adde</strong></span> <span class='ocrx_word' id='word_1_202' title='bbox 500 1555 640 1620; x_wconf 82' lang='lat' dir='ltr'><strong>Virg.</strong></span> <span class='ocrx_word' id='word_1_203' title='bbox 677 1554 804 1607; x_wconf 84' lang='lat' dir='ltr'><strong>Aen.</strong></span> <span class='ocrx_word' id='word_1_204' title='bbox 840 1554 901 1614; x_wconf 88' lang='lat' dir='ltr'><strong>V,</strong></span> <span class='ocrx_word' id='word_1_205' title='bbox 942 1552 1056 1600; x_wconf 81' lang='lat'><strong>236.</strong></span> 
     </span>
    </p>
   </div>
   <div class='ocr_carea' id='block_1_4' title="bbox 975 1644 2108 1769">
    <p class='ocr_par' dir='ltr' id='par_1_4' title="bbox 975 1644 2108 1769">
     <span class='ocr_line' id='line_1_19' title="bbox 988 1644 2108 1703; baseline -0.003 -13"><span class='ocrx_word' id='word_1_206' title='bbox 988 1649 1153 1701; x_wconf 86' lang='lat' dir='ltr'><strong>„Vobis</strong></span> <span class='ocrx_word' id='word_1_207' title='bbox 1184 1649 1319 1689; x_wconf 90' lang='lat' dir='ltr'><strong>laetus</strong></span> <span class='ocrx_word' id='word_1_208' title='bbox 1350 1659 1431 1703; x_wconf 83' lang='lat' dir='ltr'><strong>ego</strong></span> <span class='ocrx_word' id='word_1_209' title='bbox 1462 1644 1723 1686; x_wconf 80' lang='lat' dir='ltr'><strong>candentem</strong></span> <span class='ocrx_word' id='word_1_210' title='bbox 1757 1645 1906 1687; x_wconf 88' lang='lat' dir='ltr'><strong>littore</strong></span> <span class='ocrx_word' id='word_1_211' title='bbox 1936 1651 2108 1687; x_wconf 85' lang='lat' dir='ltr'><strong>taurum</strong></span> 
     </span>
     <span class='ocr_line' id='line_1_20' title="bbox 975 1718 1813 1769; baseline -0.007 -7"><span class='ocrx_word' id='word_1_212' title='bbox 975 1721 1246 1762; x_wconf 89' lang='lat' dir='ltr'><strong>Constituam</strong></span> <span class='ocrx_word' id='word_1_213' title='bbox 1275 1724 1376 1760; x_wconf 86' lang='lat' dir='ltr'><strong>ante</strong></span> <span class='ocrx_word' id='word_1_214' title='bbox 1406 1731 1514 1769; x_wconf 88' lang='lat' dir='ltr'><strong>aras,</strong></span> <span class='ocrx_word' id='word_1_215' title='bbox 1544 1718 1636 1757; x_wconf 87' lang='lat' dir='ltr'><strong>voti</strong></span> <span class='ocrx_word' id='word_1_216' title='bbox 1667 1720 1813 1758; x_wconf 83' lang='lat' dir='ltr'><strong>reus.“</strong></span> 
     </span>
    </p>
   </div>
   <div class='ocr_carea' id='block_1_5' title="bbox 293 1802 2792 3397">
    <p class='ocr_par' dir='ltr' id='par_1_5' title="bbox 293 1802 2792 3155">
     <span class='ocr_line' id='line_1_21' title="bbox 446 1802 2786 1873; baseline -0.001 -16"><span class='ocrx_word' id='word_1_217' title='bbox 446 1809 724 1872; x_wconf 88' lang='lat' dir='ltr'><strong>Quaeritur</strong></span> <span class='ocrx_word' id='word_1_218' title='bbox 776 1811 928 1857; x_wconf 90' lang='lat' dir='ltr'><strong>etiam</strong></span> <span class='ocrx_word' id='word_1_219' title='bbox 977 1806 1302 1873; x_wconf 84' lang='lat' dir='ltr'><strong>exemplum,</strong></span> <span class='ocrx_word' id='word_1_220' title='bbox 1358 1803 1448 1852; x_wconf 84' lang='lat' dir='ltr'><strong>ubi</strong></span> <span class='ocrx_word' id='word_1_221' title='bbox 1490 1802 1748 1851; x_wconf 89' lang='lat' dir='ltr'><strong>auditores</strong></span> <span class='ocrx_word' id='word_1_222' title='bbox 1788 1802 1867 1851; x_wconf 90' lang='lat' dir='ltr'><strong>bis</strong></span> <span class='ocrx_word' id='word_1_223' title='bbox 1910 1803 1966 1851; x_wconf 89' lang='lat' dir='ltr'><strong>in</strong></span> <span class='ocrx_word' id='word_1_224' title='bbox 2010 1803 2188 1853; x_wconf 88' lang='lat' dir='ltr'><strong>eadem</strong></span> <span class='ocrx_word' id='word_1_225' title='bbox 2232 1805 2446 1870; x_wconf 91' lang='lat' dir='ltr'><strong>periodo</strong></span> <span class='ocrx_word' id='word_1_226' title='bbox 2480 1807 2786 1855; x_wconf 90' lang='lat' dir='ltr'><strong>nominatim</strong></span> 
     </span>
     <span class='ocr_line' id='line_1_22' title="bbox 293 1882 2791 1957; baseline -0.002 -17"><span class='ocrx_word' id='word_1_227' title='bbox 293 1890 643 1957; x_wconf 83' lang='lat' dir='ltr'><strong>-·appellentur,</strong></span> <span class='ocrx_word' id='word_1_228' title='bbox 664 1891 737 1938; x_wconf 89' lang='lat' dir='ltr'><strong>uti</strong></span> <span class='ocrx_word' id='word_1_229' title='bbox 760 1889 807 1937; x_wconf 84' lang='lat' dir='ltr'><strong>h.</strong></span> <span class='ocrx_word' id='word_1_230' title='bbox 831 1890 864 1936; x_wconf 93' lang='lat' dir='ltr'><strong>l.</strong></span> <span class='ocrx_word' id='word_1_231' title='bbox 886 1891 1134 1954; x_wconf 77' lang='lat' dir='ltr'><strong>Quirites.</strong></span> <span class='ocrx_word' id='word_1_232' title='bbox 1154 1887 1330 1934; x_wconf 87' lang='lat' dir='ltr'><strong>Unum</strong></span> <span class='ocrx_word' id='word_1_233' title='bbox 1350 1901 1504 1948; x_wconf 88' lang='lat' dir='ltr'><strong>supra</strong></span> <span class='ocrx_word' id='word_1_234' title='bbox 1525 1882 1789 1930; x_wconf 88' lang='lat' dir='ltr'><strong>attulimus</strong></span> <span class='ocrx_word' id='word_1_235' title='bbox 1814 1900 1876 1930; x_wconf 85' lang='lat' dir='ltr'><strong>ex</strong></span> <span class='ocrx_word' id='word_1_236' title='bbox 1909 1899 1983 1931; x_wconf 92' lang='lat' dir='ltr'><strong>or.</strong></span> <span class='ocrx_word' id='word_1_237' title='bbox 2004 1900 2098 1950; x_wconf 91' lang='lat' dir='ltr'><strong>pro</strong></span> <span class='ocrx_word' id='word_1_238' title='bbox 2123 1883 2330 1942; x_wconf 88' lang='lat' dir='ltr'><strong>Milone,</strong></span> <span class='ocrx_word' id='word_1_239' title='bbox 2354 1902 2396 1933; x_wconf 87' lang='lat' dir='ltr'><strong>c.</strong></span> <span class='ocrx_word' id='word_1_240' title='bbox 2420 1902 2483 1945; x_wconf 87' lang='lat'><strong>2.;</strong></span> <span class='ocrx_word' id='word_1_241' title='bbox 2503 1886 2791 1936; x_wconf 89' lang='lat' dir='ltr'><strong>secundum</strong></span> 
     </span>
     <span class='ocr_line' id='line_1_23' title="bbox 315 1964 2792 2033; baseline -0.002 -13"><span class='ocrx_word' id='word_1_242' title='bbox 315 1981 472 2020; x_wconf 84' lang='lat' dir='ltr'><strong>exstat</strong></span> <span class='ocrx_word' id='word_1_243' title='bbox 507 1974 561 2020; x_wconf 87' lang='lat' dir='ltr'><strong>in</strong></span> <span class='ocrx_word' id='word_1_244' title='bbox 596 1969 775 2018; x_wconf 90' lang='lat' dir='ltr'><strong>eadem</strong></span> <span class='ocrx_word' id='word_1_245' title='bbox 809 1971 1052 2027; x_wconf 88' lang='lat' dir='ltr'><strong>oratione,</strong></span> <span class='ocrx_word' id='word_1_246' title='bbox 1088 1985 1131 2016; x_wconf 90' lang='lat' dir='ltr'><strong>c.</strong></span> <span class='ocrx_word' id='word_1_247' title='bbox 1167 1983 1244 2031; x_wconf 80' lang='lat'><strong>9.;</strong></span> <span class='ocrx_word' id='word_1_248' title='bbox 1278 1965 1488 2013; x_wconf 87' lang='lat' dir='ltr'><strong>tertium</strong></span> <span class='ocrx_word' id='word_1_249' title='bbox 1522 1971 1572 2009; x_wconf 90' lang='lat' dir='ltr'><strong>et</strong></span> <span class='ocrx_word' id='word_1_250' title='bbox 1606 1971 1847 2028; x_wconf 88' lang='lat' dir='ltr'><strong>quartum</strong></span> <span class='ocrx_word' id='word_1_251' title='bbox 1880 1971 1954 2010; x_wconf 89' lang='lat' dir='ltr'><strong>est</strong></span> <span class='ocrx_word' id='word_1_252' title='bbox 1986 1964 2040 2011; x_wconf 88' lang='lat' dir='ltr'><strong>in</strong></span> <span class='ocrx_word' id='word_1_253' title='bbox 2074 1964 2217 2013; x_wconf 90' lang='lat' dir='ltr'><strong>Catil.</strong></span> <span class='ocrx_word' id='word_1_254' title='bbox 2243 1965 2308 2023; x_wconf 90' lang='lat' dir='ltr'><strong>II,</strong></span> <span class='ocrx_word' id='word_1_255' title='bbox 2344 1983 2386 2014; x_wconf 89' lang='lat' dir='ltr'><strong>c.</strong></span> <span class='ocrx_word' id='word_1_256' title='bbox 2418 1967 2515 2026; x_wconf 83' lang='lat'><strong>13.;</strong></span> <span class='ocrx_word' id='word_1_257' title='bbox 2550 1967 2792 2033; x_wconf 89' lang='lat' dir='ltr'><strong>quintum</strong></span> 
     </span>
     <span class='ocr_line' id='line_1_24' title="bbox 317 2043 2791 2118; baseline -0.001 -19"><span class='ocrx_word' id='word_1_258' title='bbox 317 2052 573 2118; x_wconf 86' lang='lat' dir='ltr'><strong>reperitur</strong></span> <span class='ocrx_word' id='word_1_259' title='bbox 606 2051 658 2096; x_wconf 88' lang='lat' dir='ltr'><strong>in</strong></span> <span class='ocrx_word' id='word_1_260' title='bbox 696 2049 842 2097; x_wconf 88' lang='lat' dir='ltr'><strong>Catil.</strong></span> <span class='ocrx_word' id='word_1_261' title='bbox 879 2048 969 2105; x_wconf 90' lang='grc' dir='ltr'>ΙΙΙ,</span> <span class='ocrx_word' id='word_1_262' title='bbox 1006 2065 1048 2094; x_wconf 89' lang='lat' dir='ltr'><strong>c.</strong></span> <span class='ocrx_word' id='word_1_263' title='bbox 1092 2063 1164 2097; x_wconf 83' lang='lat'><strong>12.</strong></span> <span class='ocrx_word' id='word_1_264' title='bbox 1229 2044 1465 2108; x_wconf 88' lang='lat' dir='ltr'><strong>Denique</strong></span> <span class='ocrx_word' id='word_1_265' title='bbox 1500 2043 1606 2090; x_wconf 91' lang='lat' dir='ltr'><strong>sine</strong></span> <span class='ocrx_word' id='word_1_266' title='bbox 1652 2059 1802 2091; x_wconf 90' lang='lat' dir='ltr'><strong>causa</strong></span> <span class='ocrx_word' id='word_1_267' title='bbox 1853 2043 2061 2094; x_wconf 84' lang='lat' dir='ltr'><strong>haerent</strong></span> <span class='ocrx_word' id='word_1_268' title='bbox 2099 2045 2428 2093; x_wconf 82' lang='lat' dir='ltr'><strong>Marklandus</strong></span> <span class='ocrx_word' id='word_1_269' title='bbox 2484 2055 2532 2094; x_wconf 92' lang='lat' dir='ltr'><strong>et</strong></span> <span class='ocrx_word' id='word_1_270' title='bbox 2574 2048 2791 2096; x_wconf 87' lang='lat' dir='ltr'><strong>Wolfius</strong></span> 
     </span>
     <span class='ocr_line' id='line_1_25' title="bbox 315 2122 2790 2192; baseline -0 -13"><span class='ocrx_word' id='word_1_271' title='bbox 315 2133 370 2180; x_wconf 91' lang='lat' dir='ltr'><strong>in</strong></span> <span class='ocrx_word' id='word_1_272' title='bbox 402 2129 559 2179; x_wconf 82' lang='lat' dir='ltr'><strong>verbo</strong></span> <span class='ocrx_word' id='word_1_273' title='bbox 595 2128 836 2192; x_wconf 85' lang='lat' dir='ltr'><strong>deficere,</strong></span> <span class='ocrx_word' id='word_1_274' title='bbox 874 2127 1017 2192; x_wconf 87' lang='lat' dir='ltr'><strong>quod</strong></span> <span class='ocrx_word' id='word_1_275' title='bbox 1051 2125 1099 2173; x_wconf 86' lang='lat' dir='ltr'><strong>h.</strong></span> <span class='ocrx_word' id='word_1_276' title='bbox 1136 2125 1169 2172; x_wconf 89' lang='lat' dir='ltr'><strong>l.</strong></span> <span class='ocrx_word' id='word_1_277' title='bbox 1206 2122 1450 2190; x_wconf 82' lang='lat' dir='ltr'><strong>significat</strong></span> <span class='ocrx_word' id='word_1_278' title='bbox 1482 2122 1785 2189; x_wconf 82' lang='lat' dir='ltr'><strong>defatigari,</strong></span> <span class='ocrx_word' id='word_1_279' title='bbox 1820 2128 2068 2174; x_wconf 83' lang='lat' dir='ltr'><strong>consumi.</strong></span> <span class='ocrx_word' id='word_1_280' title='bbox 2106 2125 2251 2175; x_wconf 87' lang='lat' dir='ltr'><strong>Conf.</strong></span> <span class='ocrx_word' id='word_1_281' title='bbox 2287 2126 2444 2176; x_wconf 88' lang='lat' dir='ltr'><strong>Acad.</strong></span> <span class='ocrx_word' id='word_1_282' title='bbox 2483 2129 2545 2187; x_wconf 89' lang='grc' dir='ltr'><strong>Π,</strong></span> <span class='ocrx_word' id='word_1_283' title='bbox 2581 2129 2626 2177; x_wconf 86' lang='grc'><strong>3.</strong></span> <span class='ocrx_word' id='word_1_284' title='bbox 2662 2147 2790 2190; x_wconf 89' lang='lat' dir='ltr'><strong>„nec</strong></span> 
     </span>
     <span class='ocr_line' id='line_1_26' title="bbox 316 2203 2787 2272; baseline -0.001 -13"><span class='ocrx_word' id='word_1_285' title='bbox 316 2211 387 2259; x_wconf 88' lang='lat' dir='ltr'><strong>illi</strong></span> <span class='ocrx_word' id='word_1_286' title='bbox 423 2208 736 2264; x_wconf 88' lang='lat' dir='ltr'><strong>defecerunt,</strong></span> <span class='ocrx_word' id='word_1_287' title='bbox 772 2222 939 2270; x_wconf 87' lang='lat' dir='ltr'><strong>neque</strong></span> <span class='ocrx_word' id='word_1_288' title='bbox 973 2220 1065 2252; x_wconf 88' lang='lat' dir='ltr'><strong>nos</strong></span> <span class='ocrx_word' id='word_1_289' title='bbox 1099 2203 1328 2251; x_wconf 86' lang='lat' dir='ltr'><strong>studium</strong></span> <span class='ocrx_word' id='word_1_290' title='bbox 1347 2203 1649 2269; x_wconf 85' lang='lat' dir='ltr'><strong>exquirendi</strong></span> <span class='ocrx_word' id='word_1_291' title='bbox 1686 2204 1937 2271; x_wconf 86' lang='lat' dir='ltr'><strong>defatigati</strong></span> <span class='ocrx_word' id='word_1_292' title='bbox 1957 2205 2346 2272; x_wconf 89' lang='lat' dir='ltr'><strong>relinquimus.“</strong></span> <span class='ocrx_word' id='word_1_293' title='bbox 2379 2206 2444 2255; x_wconf 90' lang='lat' dir='ltr'><strong>ad</strong></span> <span class='ocrx_word' id='word_1_294' title='bbox 2462 2208 2610 2256; x_wconf 91' lang='lat' dir='ltr'><strong>Attic.</strong></span> <span class='ocrx_word' id='word_1_295' title='bbox 2649 2208 2687 2266; x_wconf 91' lang='lat'><strong>1,</strong></span> <span class='ocrx_word' id='word_1_296' title='bbox 2716 2210 2787 2256; x_wconf 82' lang='lat'><strong>16.</strong></span> 
     </span>
     <span class='ocr_line' id='line_1_27' title="bbox 315 2282 2788 2354; baseline -0.001 -16"><span class='ocrx_word' id='word_1_297' title='bbox 315 2307 411 2350; x_wconf 84' lang='lat' dir='ltr'><strong>„ne</strong></span> <span class='ocrx_word' id='word_1_298' title='bbox 455 2287 700 2354; x_wconf 83' lang='lat' dir='ltr'><strong>unaplaga</strong></span> <span class='ocrx_word' id='word_1_299' title='bbox 735 2293 952 2352; x_wconf 88' lang='lat' dir='ltr'><strong>accepta,</strong></span> <span class='ocrx_word' id='word_1_300' title='bbox 989 2285 1159 2332; x_wconf 87' lang='lat' dir='ltr'><strong>Patres</strong></span> <span class='ocrx_word' id='word_1_301' title='bbox 1177 2283 1476 2349; x_wconf 88' lang='lat' dir='ltr'><strong>Conscripti,</strong></span> <span class='ocrx_word' id='word_1_302' title='bbox 1514 2283 1849 2342; x_wconf 89' lang='lat' dir='ltr'><strong>considerent,</strong></span> <span class='ocrx_word' id='word_1_303' title='bbox 1886 2301 1950 2333; x_wconf 91' lang='lat' dir='ltr'><strong>ne</strong></span> <span class='ocrx_word' id='word_1_304' title='bbox 1976 2282 2300 2334; x_wconf 88' lang='lat' dir='ltr'><strong>deficerent.“</strong></span> <span class='ocrx_word' id='word_1_305' title='bbox 2331 2286 2788 2351; x_wconf 82' lang='lat' dir='ltr'><strong>p1·oRosc.Amer.,</strong></span> 
     </span>
     <span class='ocr_line' id='line_1_28' title="bbox 312 2361 2785 2431; baseline -0.002 -10"><span class='ocrx_word' id='word_1_306' title='bbox 312 2389 356 2422; x_wconf 91' lang='lat' dir='ltr'><strong>c.</strong></span> <span class='ocrx_word' id='word_1_307' title='bbox 392 2371 438 2431; x_wconf 73' lang='grc'><strong>4.</strong></span> <span class='ocrx_word' id='word_1_308' title='bbox 473 2370 675 2430; x_wconf 90' lang='lat' dir='ltr'><strong>„animo</strong></span> <span class='ocrx_word' id='word_1_309' title='bbox 709 2384 814 2417; x_wconf 88' lang='lat' dir='ltr'><strong>non</strong></span> <span class='ocrx_word' id='word_1_310' title='bbox 849 2364 1096 2424; x_wconf 89' lang='lat' dir='ltr'><strong>deficiam,</strong></span> <span class='ocrx_word' id='word_1_311' title='bbox 1134 2373 1183 2414; x_wconf 88' lang='lat' dir='ltr'><strong>et</strong></span> <span class='ocrx_word' id='word_1_312' title='bbox 1218 2363 1270 2413; x_wconf 91' lang='lat' dir='ltr'><strong>id</strong></span> <span class='ocrx_word' id='word_1_313' title='bbox 1306 2361 1448 2431; x_wconf 88' lang='lat' dir='ltr'><strong>quod</strong></span> <span class='ocrx_word' id='word_1_314' title='bbox 1481 2363 1693 2430; x_wconf 89' lang='lat' dir='ltr'><strong>suscepi,</strong></span> <span class='ocrx_word' id='word_1_315' title='bbox 1730 2361 1902 2431; x_wconf 89' lang='lat' dir='ltr'><strong>quoad</strong></span> <span class='ocrx_word' id='word_1_316' title='bbox 1934 2372 2128 2431; x_wconf 88' lang='lat' dir='ltr'><strong>potero,</strong></span> <span class='ocrx_word' id='word_1_317' title='bbox 2162 2364 2467 2431; x_wconf 84' lang='lat' dir='ltr'><strong>perferam.“</strong></span> <span class='ocrx_word' id='word_1_318' title='bbox 2501 2368 2642 2415; x_wconf 88' lang='lat' dir='ltr'><strong>Brut.</strong></span> <span class='ocrx_word' id='word_1_319' title='bbox 2679 2384 2722 2416; x_wconf 90' lang='lat' dir='ltr'><strong>c.</strong></span> <span class='ocrx_word' id='word_1_320' title='bbox 2738 2370 2785 2418; x_wconf 84' lang='lat'><strong>8.</strong></span> 
     </span>
     <span class='ocr_line' id='line_1_29' title="bbox 308 2443 2786 2513; baseline -0.001 -14"><span class='ocrx_word' id='word_1_321' title='bbox 308 2451 470 2509; x_wconf 90' lang='lat' dir='ltr'><strong>„Nam</strong></span> <span class='ocrx_word' id='word_1_322' title='bbox 505 2458 553 2497; x_wconf 90' lang='lat' dir='ltr'><strong>et</strong></span> <span class='ocrx_word' id='word_1_323' title='bbox 569 2464 715 2497; x_wconf 90' lang='lat' dir='ltr'><strong>aures</strong></span> <span class='ocrx_word' id='word_1_324' title='bbox 734 2448 883 2513; x_wconf 91' lang='lat' dir='ltr'><strong>ipsae,</strong></span> <span class='ocrx_word' id='word_1_325' title='bbox 920 2445 1048 2513; x_wconf 88' lang='lat' dir='ltr'><strong>quid</strong></span> <span class='ocrx_word' id='word_1_326' title='bbox 1081 2445 1304 2512; x_wconf 89' lang='lat' dir='ltr'><strong>plenum,</strong></span> <span class='ocrx_word' id='word_1_327' title='bbox 1332 2445 1460 2513; x_wconf 89' lang='lat' dir='ltr'><strong>quid</strong></span> <span class='ocrx_word' id='word_1_328' title='bbox 1498 2446 1645 2494; x_wconf 87' lang='lat' dir='ltr'><strong>inane</strong></span> <span class='ocrx_word' id='word_1_329' title='bbox 1680 2445 1759 2502; x_wconf 90' lang='lat' dir='ltr'><strong>sit,</strong></span> <span class='ocrx_word' id='word_1_330' title='bbox 1796 2443 2039 2503; x_wconf 86' lang='lat' dir='ltr'><strong>iudicant,</strong></span> <span class='ocrx_word' id='word_1_331' title='bbox 2077 2453 2127 2493; x_wconf 91' lang='lat' dir='ltr'><strong>et</strong></span> <span class='ocrx_word' id='word_1_332' title='bbox 2160 2446 2356 2512; x_wconf 89' lang='lat' dir='ltr'><strong>spiritu,</strong></span> <span class='ocrx_word' id='word_1_333' title='bbox 2395 2447 2537 2513; x_wconf 86' lang='lat' dir='ltr'><strong>quasi</strong></span> <span class='ocrx_word' id='word_1_334' title='bbox 2573 2449 2786 2498; x_wconf 89' lang='lat' dir='ltr'><strong>necessi·</strong></span> 
     </span>
     <span class='ocr_line' id='line_1_30' title="bbox 311 2524 2787 2594; baseline -0 -16"><span class='ocrx_word' id='word_1_335' title='bbox 311 2539 409 2579; x_wconf 87' lang='lat' dir='ltr'><strong>tate</strong></span> <span class='ocrx_word' id='word_1_336' title='bbox 444 2529 637 2594; x_wconf 90' lang='lat' dir='ltr'><strong>aliqua,</strong></span> <span class='ocrx_word' id='word_1_337' title='bbox 688 2526 967 2575; x_wconf 84' lang='lat' dir='ltr'><strong>verborum</strong></span> <span class='ocrx_word' id='word_1_338' title='bbox 1000 2524 1381 2592; x_wconf 87' lang='lat' dir='ltr'><strong>comprehensio</strong></span> <span class='ocrx_word' id='word_1_339' title='bbox 1416 2526 1744 2587; x_wconf 84' lang='lat' dir='ltr'><strong>terminatur3</strong></span> <span class='ocrx_word' id='word_1_340' title='bbox 1780 2526 1833 2573; x_wconf 90' lang='lat' dir='ltr'><strong>in</strong></span> <span class='ocrx_word' id='word_1_341' title='bbox 1850 2542 1954 2592; x_wconf 91' lang='lat' dir='ltr'><strong>quo</strong></span> <span class='ocrx_word' id='word_1_342' title='bbox 1986 2543 2091 2575; x_wconf 94' lang='lat' dir='ltr'><strong>non</strong></span> <span class='ocrx_word' id='word_1_343' title='bbox 2124 2525 2290 2577; x_wconf 85' lang='lat' dir='ltr'><strong>modo,</strong></span> <span class='ocrx_word' id='word_1_344' title='bbox 2314 2526 2477 2587; x_wconf 88' lang='lat' dir='ltr'><strong>defici,</strong></span> <span class='ocrx_word' id='word_1_345' title='bbox 2513 2527 2602 2577; x_wconf 90' lang='lat' dir='ltr'><strong>sed</strong></span> <span class='ocrx_word' id='word_1_346' title='bbox 2638 2530 2787 2577; x_wconf 88' lang='lat' dir='ltr'><strong>etiam</strong></span> 
     </span>
     <span class='ocr_line' id='line_1_31' title="bbox 310 2605 2788 2675; baseline -0.001 -15"><span class='ocrx_word' id='word_1_347' title='bbox 310 2612 540 2660; x_wconf 89' lang='lat' dir='ltr'><strong>laborare</strong></span> <span class='ocrx_word' id='word_1_348' title='bbox 574 2619 724 2674; x_wconf 90' lang='lat' dir='ltr'><strong>turpe</strong></span> <span class='ocrx_word' id='word_1_349' title='bbox 758 2616 881 2656; x_wconf 88' lang='lat' dir='ltr'><strong>est.“</strong></span> <span class='ocrx_word' id='word_1_350' title='bbox 914 2609 969 2656; x_wconf 86' lang='lat' dir='ltr'><strong>in</strong></span> <span class='ocrx_word' id='word_1_351' title='bbox 1003 2609 1109 2657; x_wconf 90' lang='lat' dir='ltr'><strong>Cat.</strong></span> <span class='ocrx_word' id='word_1_352' title='bbox 1147 2609 1210 2666; x_wconf 94' lang='lat' dir='ltr'><strong>II,</strong></span> <span class='ocrx_word' id='word_1_353' title='bbox 1248 2626 1291 2656; x_wconf 87' lang='lat' dir='ltr'><strong>c.</strong></span> <span class='ocrx_word' id='word_1_354' title='bbox 1336 2627 1406 2656; x_wconf 80' lang='grc' dir='ltr'><strong>ιι.</strong></span> <span class='ocrx_word' id='word_1_355' title='bbox 1463 2609 1558 2668; x_wconf 82' lang='lat' dir='ltr'><strong>„In</strong></span> <span class='ocrx_word' id='word_1_356' title='bbox 1588 2605 1881 2654; x_wconf 87' lang='lat' dir='ltr'><strong>huiusmodi</strong></span> <span class='ocrx_word' id='word_1_357' title='bbox 1917 2608 2191 2655; x_wconf 87' lang='lat' dir='ltr'><strong>certamine</strong></span> <span class='ocrx_word' id='word_1_358' title='bbox 2225 2625 2284 2656; x_wconf 86' lang='lat' dir='ltr'><strong>ac</strong></span> <span class='ocrx_word' id='word_1_359' title='bbox 2318 2609 2535 2675; x_wconf 88' lang='lat' dir='ltr'><strong>proelio,</strong></span> <span class='ocrx_word' id='word_1_360' title='bbox 2590 2626 2788 2667; x_wconf 88' lang='lat' dir='ltr'><strong>nonne,</strong></span> 
     </span>
     <span class='ocr_line' id='line_1_32' title="bbox 311 2684 2784 2755; baseline -0.001 -17"><span class='ocrx_word' id='word_1_361' title='bbox 311 2688 502 2738; x_wconf 86' lang='lat' dir='ltr'><strong>etiamsi</strong></span> <span class='ocrx_word' id='word_1_362' title='bbox 538 2685 807 2734; x_wconf 85' lang='lat' dir='ltr'><strong>hominum</strong></span> <span class='ocrx_word' id='word_1_363' title='bbox 842 2684 1009 2733; x_wconf 87' lang='lat' dir='ltr'><strong>studia</strong></span> <span class='ocrx_word' id='word_1_364' title='bbox 1043 2684 1304 2743; x_wconf 89' lang='lat' dir='ltr'><strong>deficiant,</strong></span> <span class='ocrx_word' id='word_1_365' title='bbox 1341 2685 1411 2733; x_wconf 88' lang='lat' dir='ltr'><strong>dii</strong></span> <span class='ocrx_word' id='word_1_366' title='bbox 1450 2687 1542 2753; x_wconf 89' lang='lat' dir='ltr'><strong>ipsi</strong></span> <span class='ocrx_word' id='word_1_367' title='bbox 1579 2686 1887 2735; x_wconf 86' lang='lat' dir='ltr'><strong>immortales</strong></span> <span class='ocrx_word' id='word_1_368' title='bbox 1929 2695 2108 2755; x_wconf 81' lang='lat' dir='ltr'><strong>cogent</strong></span> <span class='ocrx_word' id='word_1_369' title='bbox 2150 2687 2214 2735; x_wconf 91' lang='lat' dir='ltr'><strong>ab</strong></span> <span class='ocrx_word' id='word_1_370' title='bbox 2259 2687 2336 2735; x_wconf 91' lang='lat' dir='ltr'><strong>his</strong></span> <span class='ocrx_word' id='word_1_371' title='bbox 2376 2686 2784 2753; x_wconf 89' lang='lat' dir='ltr'><strong>praeclarissimis</strong></span> 
     </span>
     <span class='ocr_line' id='line_1_33' title="bbox 311 2767 2783 2834; baseline -0.002 -15"><span class='ocrx_word' id='word_1_372' title='bbox 311 2770 588 2819; x_wconf 84' lang='lat' dir='ltr'><strong>virtutibus</strong></span> <span class='ocrx_word' id='word_1_373' title='bbox 623 2777 698 2817; x_wconf 88' lang='lat' dir='ltr'><strong>tot</strong></span> <span class='ocrx_word' id='word_1_374' title='bbox 733 2777 782 2815; x_wconf 90' lang='lat' dir='ltr'><strong>et</strong></span> <span class='ocrx_word' id='word_1_375' title='bbox 817 2777 955 2815; x_wconf 84' lang='lat' dir='ltr'><strong>tanta</strong></span> <span class='ocrx_word' id='word_1_376' title='bbox 992 2767 1111 2814; x_wconf 86' lang='lat' dir='ltr'><strong>vitia</strong></span> <span class='ocrx_word' id='word_1_377' title='bbox 1146 2768 1438 2831; x_wconf 79' lang='lat' dir='ltr'><strong>superari?“</strong></span> <span class='ocrx_word' id='word_1_378' title='bbox 1472 2767 1538 2816; x_wconf 90' lang='lat' dir='ltr'><strong>ad</strong></span> <span class='ocrx_word' id='word_1_379' title='bbox 1570 2768 1710 2816; x_wconf 90' lang='lat' dir='ltr'><strong>Fam.</strong></span> <span class='ocrx_word' id='word_1_380' title='bbox 1731 2768 1869 2826; x_wconf 84' lang='lat' dir='ltr'><strong>XIV,</strong></span> <span class='ocrx_word' id='word_1_381' title='bbox 1906 2768 1953 2816; x_wconf 88' lang='lat'><strong>3.</strong></span> <span class='ocrx_word' id='word_1_382' title='bbox 1988 2767 2284 2831; x_wconf 87' lang='lat' dir='ltr'><strong>„Quamdiu</strong></span> <span class='ocrx_word' id='word_1_383' title='bbox 2307 2769 2443 2816; x_wconf 89' lang='lat' dir='ltr'><strong>eritis</strong></span> <span class='ocrx_word' id='word_1_384' title='bbox 2466 2769 2517 2816; x_wconf 86' lang='lat' dir='ltr'><strong>in</strong></span> <span class='ocrx_word' id='word_1_385' title='bbox 2543 2784 2644 2834; x_wconf 90' lang='lat' dir='ltr'><strong>spe,</strong></span> <span class='ocrx_word' id='word_1_386' title='bbox 2680 2784 2783 2816; x_wconf 87' lang='lat' dir='ltr'><strong>non</strong></span> 
     </span>
     <span class='ocr_line' id='line_1_34' title="bbox 313 2844 2779 2912; baseline 0 -15"><span class='ocrx_word' id='word_1_387' title='bbox 313 2848 559 2907; x_wconf 88' lang='lat' dir='ltr'><strong>deficiam,</strong></span> <span class='ocrx_word' id='word_1_388' title='bbox 594 2866 658 2895; x_wconf 89' lang='lat' dir='ltr'><strong>ne</strong></span> <span class='ocrx_word' id='word_1_389' title='bbox 693 2847 861 2895; x_wconf 88' lang='lat' dir='ltr'><strong>omnia</strong></span> <span class='ocrx_word' id='word_1_390' title='bbox 896 2863 1008 2893; x_wconf 89' lang='lat' dir='ltr'><strong>mea</strong></span> <span class='ocrx_word' id='word_1_391' title='bbox 1043 2844 1192 2912; x_wconf 91' lang='lat' dir='ltr'><strong>culpa</strong></span> <span class='ocrx_word' id='word_1_392' title='bbox 1228 2846 1465 2896; x_wconf 90' lang='lat' dir='ltr'><strong>cecidisse</strong></span> <span class='ocrx_word' id='word_1_393' title='bbox 1500 2846 1819 2895; x_wconf 86' lang='lat' dir='ltr'><strong>videantur.“</strong></span> <span class='ocrx_word' id='word_1_394' title='bbox 1885 2847 2077 2908; x_wconf 81' lang='lat' dir='ltr'><strong>Restat,</strong></span> <span class='ocrx_word' id='word_1_395' title='bbox 2121 2856 2179 2895; x_wconf 92' lang='lat' dir='ltr'><strong>ut</strong></span> <span class='ocrx_word' id='word_1_396' title='bbox 2213 2846 2437 2895; x_wconf 84' lang='lat' dir='ltr'><strong>breviter</strong></span> <span class='ocrx_word' id='word_1_397' title='bbox 2469 2864 2779 2907; x_wconf 90' lang='lat' dir='ltr'><strong>moneamus,</strong></span> 
     </span>
     <span class='ocr_line' id='line_1_35' title="bbox 310 2924 2778 2996; baseline -0.002 -18"><span class='ocrx_word' id='word_1_398' title='bbox 310 2933 525 2996; x_wconf 88' lang='lat' dir='ltr'><strong>primam</strong></span> <span class='ocrx_word' id='word_1_399' title='bbox 557 2929 861 2996; x_wconf 89' lang='lat' dir='ltr'><strong>particulam</strong></span> <span class='ocrx_word' id='word_1_400' title='bbox 895 2937 974 2986; x_wconf 80' lang='lat' dir='ltr'><strong>ut,</strong></span> <span class='ocrx_word' id='word_1_401' title='bbox 1013 2945 1143 2994; x_wconf 89' lang='lat' dir='ltr'><strong>quae</strong></span> <span class='ocrx_word' id='word_1_402' title='bbox 1178 2945 1444 2994; x_wconf 89' lang='lat' dir='ltr'><strong>perperam</strong></span> <span class='ocrx_word' id='word_1_403' title='bbox 1477 2946 1506 2976; x_wconf 91' lang='lat' dir='ltr'><strong>a</strong></span> <span class='ocrx_word' id='word_1_404' title='bbox 1538 2924 1728 2977; x_wconf 90' lang='lat' dir='ltr'><strong>Wolfio</strong></span> <span class='ocrx_word' id='word_1_405' title='bbox 1762 2925 2084 2975; x_wconf 74' lang='lat' dir='ltr'><strong>refertur&#39;ad</strong></span> <span class='ocrx_word' id='word_1_406' title='bbox 2104 2928 2293 2988; x_wconf 78' lang='lat' dir='ltr'><strong>devovi,</strong></span> <span class='ocrx_word' id='word_1_407' title='bbox 2330 2928 2651 2978; x_wconf 87' lang='lat' dir='ltr'><strong>referendam</strong></span> <span class='ocrx_word' id='word_1_408' title='bbox 2675 2945 2778 2977; x_wconf 88' lang='lat' dir='ltr'><strong>esse</strong></span> 
     </span>
     <span class='ocr_line' id='line_1_36' title="bbox 315 3005 2778 3076; baseline -0.001 -19"><span class='ocrx_word' id='word_1_409' title='bbox 315 3011 377 3059; x_wconf 86' lang='lat' dir='ltr'><strong>ad</strong></span> <span class='ocrx_word' id='word_1_410' title='bbox 406 3021 652 3074; x_wconf 80' lang='lat' dir='ltr'><strong>precatus</strong></span> <span class='ocrx_word' id='word_1_411' title='bbox 697 3028 826 3059; x_wconf 89' lang='lat' dir='ltr'><strong>sum.</strong></span> <span class='ocrx_word' id='word_1_412' title='bbox 872 3010 949 3057; x_wconf 88' lang='lat' dir='ltr'><strong>De</strong></span> <span class='ocrx_word' id='word_1_413' title='bbox 989 3010 1179 3058; x_wconf 87' lang='lat' dir='ltr'><strong>variata</strong></span> <span class='ocrx_word' id='word_1_414' title='bbox 1227 3009 1587 3076; x_wconf 85' lang='lat' dir='ltr'><strong>significatione</strong></span> <span class='ocrx_word' id='word_1_415' title='bbox 1641 3005 1791 3055; x_wconf 90' lang='lat' dir='ltr'><strong>huius</strong></span> <span class='ocrx_word' id='word_1_416' title='bbox 1833 3008 2111 3073; x_wconf 87' lang='lat' dir='ltr'><strong>particulae</strong></span> <span class='ocrx_word' id='word_1_417' title='bbox 2180 3010 2314 3060; x_wconf 89' lang='lat' dir='ltr'><strong>conf.</strong></span> <span class='ocrx_word' id='word_1_418' title='bbox 2369 3010 2431 3059; x_wconf 90' lang='lat' dir='ltr'><strong>de</strong></span> <span class='ocrx_word' id='word_1_419' title='bbox 2468 3027 2542 3060; x_wconf 91' lang='lat' dir='ltr'><strong>or.</strong></span> <span class='ocrx_word' id='word_1_420' title='bbox 2598 3011 2663 3067; x_wconf 89' lang='grc' dir='ltr'><strong>ΙΙ,</strong></span> <span class='ocrx_word' id='word_1_421' title='bbox 2708 3008 2778 3067; x_wconf 85' lang='lat'><strong>16,</strong></span> 
     </span>
     <span class='ocr_line' id='line_1_37' title="bbox 319 3088 1354 3155; baseline -0.005 -13"><span class='ocrx_word' id='word_1_422' title='bbox 319 3098 404 3155; x_wconf 78' lang='lat'><strong>593</strong></span> <span class='ocrx_word' id='word_1_423' title='bbox 439 3094 489 3141; x_wconf 89' lang='lat' dir='ltr'><strong>in</strong></span> <span class='ocrx_word' id='word_1_424' title='bbox 523 3093 669 3143; x_wconf 88' lang='lat' dir='ltr'><strong>Verr.</strong></span> <span class='ocrx_word' id='word_1_425' title='bbox 705 3094 765 3150; x_wconf 89' lang='grc' dir='ltr'><strong>ΙΙ,</strong></span> <span class='ocrx_word' id='word_1_426' title='bbox 805 3107 881 3138; x_wconf 57' lang='grc'><strong>21.</strong></span> <span class='ocrx_word' id='word_1_427' title='bbox 921 3090 972 3137; x_wconf 88' lang='lat' dir='ltr'><strong>in</strong></span> <span class='ocrx_word' id='word_1_428' title='bbox 1007 3088 1152 3138; x_wconf 89' lang='lat' dir='ltr'><strong>Catil.</strong></span> <span class='ocrx_word' id='word_1_429' title='bbox 1191 3090 1274 3148; x_wconf 84' lang='lat'><strong>111,</strong></span> <span class='ocrx_word' id='word_1_430' title='bbox 1310 3106 1354 3137; x_wconf 82' lang='lat'><strong>2.</strong></span> 
     </span>
    </p>

    <p class='ocr_par' dir='ltr' id='par_1_6' title="bbox 313 3169 2781 3397">
     <span class='ocr_line' id='line_1_38' title="bbox 444 3169 2781 3239; baseline -0 -20"><span class='ocrx_word' id='word_1_431' title='bbox 444 3177 525 3221; x_wconf 83' lang='lat'><strong>111.</strong></span> <span class='ocrx_word' id='word_1_432' title='bbox 579 3174 639 3221; x_wconf 89' lang='lat' dir='ltr'><strong>In</strong></span> <span class='ocrx_word' id='word_1_433' title='bbox 674 3173 822 3221; x_wconf 86' lang='lat' dir='ltr'><strong>tertia</strong></span> <span class='ocrx_word' id='word_1_434' title='bbox 857 3172 1096 3231; x_wconf 87' lang='lat' dir='ltr'><strong>oratione,</strong></span> <span class='ocrx_word' id='word_1_435' title='bbox 1132 3187 1226 3238; x_wconf 83' lang='lat' dir='ltr'><strong>pro</strong></span> <span class='ocrx_word' id='word_1_436' title='bbox 1262 3169 1433 3232; x_wconf 93' lang='lat' dir='ltr'><strong>domo,</strong></span> <span class='ocrx_word' id='word_1_437' title='bbox 1483 3171 2034 3232; x_wconf 75' lang='lat' dir='ltr'><strong>Beckius&#39;arbitratur,</strong></span> <span class='ocrx_word' id='word_1_438' title='bbox 2072 3181 2272 3239; x_wconf 89' lang='lat' dir='ltr'><strong>praeter</strong></span> <span class='ocrx_word' id='word_1_439' title='bbox 2306 3189 2509 3222; x_wconf 90' lang='lat' dir='ltr'><strong>omnem</strong></span> <span class='ocrx_word' id='word_1_440' title='bbox 2542 3171 2781 3219; x_wconf 87' lang='lat' dir='ltr'><strong>orationis</strong></span> 
     </span>
     <span class='ocr_line' id='line_1_39' title="bbox 317 3250 2779 3321; baseline -0 -22"><span class='ocrx_word' id='word_1_441' title='bbox 317 3251 589 3302; x_wconf 89' lang='lat' dir='ltr'><strong>decursum</strong></span> <span class='ocrx_word' id='word_1_442' title='bbox 622 3263 671 3301; x_wconf 90' lang='lat' dir='ltr'><strong>et</strong></span> <span class='ocrx_word' id='word_1_443' title='bbox 703 3252 919 3303; x_wconf 92' lang='lat' dir='ltr'><strong>modum</strong></span> <span class='ocrx_word' id='word_1_444' title='bbox 952 3252 1149 3320; x_wconf 85' lang='lat' dir='ltr'><strong>singula</strong></span> <span class='ocrx_word' id='word_1_445' title='bbox 1183 3253 1334 3303; x_wconf 88' lang='lat' dir='ltr'><strong>etiam</strong></span> <span class='ocrx_word' id='word_1_446' title='bbox 1369 3262 1417 3302; x_wconf 88' lang='lat' dir='ltr'><strong>et</strong></span> <span class='ocrx_word' id='word_1_447' title='bbox 1448 3253 1599 3321; x_wconf 91' lang='lat' dir='ltr'><strong>plura</strong></span> <span class='ocrx_word' id='word_1_448' title='bbox 1633 3269 1737 3302; x_wconf 90' lang='lat' dir='ltr'><strong>esse</strong></span> <span class='ocrx_word' id='word_1_449' title='bbox 1773 3252 1895 3313; x_wconf 91' lang='lat' dir='ltr'><strong>loca,</strong></span> <span class='ocrx_word' id='word_1_450' title='bbox 1932 3271 2061 3321; x_wconf 91' lang='lat' dir='ltr'><strong>quae</strong></span> <span class='ocrx_word' id='word_1_451' title='bbox 2095 3270 2199 3302; x_wconf 90' lang='lat' dir='ltr'><strong>non</strong></span> <span class='ocrx_word' id='word_1_452' title='bbox 2220 3253 2536 3310; x_wconf 89' lang='lat' dir='ltr'><strong>Ciceronem,</strong></span> <span class='ocrx_word' id='word_1_453' title='bbox 2571 3250 2662 3299; x_wconf 86' lang='lat' dir='ltr'><strong>sed</strong></span> <span class='ocrx_word' id='word_1_454' title='bbox 2694 3267 2779 3316; x_wconf 92' lang='lat' dir='ltr'><strong>pe-</strong></span> 
     </span>
     <span class='ocr_line' id='line_1_40' title="bbox 313 3325 2773 3397; baseline -0.001 -18"><span class='ocrx_word' id='word_1_455' title='bbox 313 3332 573 3397; x_wconf 82' lang='lat' dir='ltr'><strong>regrinum</strong></span> <span class='ocrx_word' id='word_1_456' title='bbox 595 3335 760 3397; x_wconf 84' lang='lat' dir='ltr'><strong>potius</strong></span> <span class='ocrx_word' id='word_1_457' title='bbox 782 3334 1059 3395; x_wconf 85' lang='lat' dir='ltr'><strong>hominem,</strong></span> <span class='ocrx_word' id='word_1_458' title='bbox 1081 3344 1341 3386; x_wconf 87' lang='lat' dir='ltr'><strong>auctorem</strong></span> <span class='ocrx_word' id='word_1_459' title='bbox 1361 3353 1463 3386; x_wconf 91' lang='lat' dir='ltr'><strong>esse</strong></span> <span class='ocrx_word' id='word_1_460' title='bbox 1492 3334 1773 3396; x_wconf 87' lang='lat' dir='ltr'><strong>ostendant,</strong></span> <span class='ocrx_word' id='word_1_461' title='bbox 1797 3343 1908 3384; x_wconf 92' lang='lat' dir='ltr'><strong>tum</strong></span> <span class='ocrx_word' id='word_1_462' title='bbox 1925 3334 2077 3385; x_wconf 89' lang='lat' dir='ltr'><strong>rebus</strong></span> <span class='ocrx_word' id='word_1_463' title='bbox 2103 3344 2153 3383; x_wconf 90' lang='lat' dir='ltr'><strong>et</strong></span> <span class='ocrx_word' id='word_1_464' title='bbox 2179 3334 2435 3385; x_wconf 86' lang='lat' dir='ltr'><strong>sententiis</strong></span> <span class='ocrx_word' id='word_1_465' title='bbox 2471 3334 2531 3394; x_wconf 92' lang='lat' dir='ltr'><strong>(c.</strong></span> <span class='ocrx_word' id='word_1_466' title='bbox 2556 3325 2676 3391; x_wconf 69' lang='lat' dir='ltr'><strong>14Ls.</strong></span> <span class='ocrx_word' id='word_1_467' title='bbox 2695 3330 2773 3390; x_wconf 79' lang='grc'><strong>45.</strong></span> 
     </span>
    </p>
   </div>
  </div>
 </body>
</html>
