3007 3888
262 91 281 114 *
312 130 492 180 xxv1

285 256 541 322 futuram
575 273 677 304 non
699 255 885 322 fuisse
920 258 1314 324 rempublicam,
1351 262 1398 305 si
1431 254 1527 322 egio
1560 277 1664 308 non
1700 267 2049 322 revertis-sem,
2096 282 2250 332 quam
2282 270 2333 316 si
2366 268 2619 317 Catilinae
2650 270 2778 317 socii
2816 304 2819 307 r

299 350 388 381 seu
423 333 592 382 hostes
625 343 783 401 atque
817 336 1185 403 interfectores
1218 336 1529 402 reipublicae
1562 340 1888 383 revixissent.
1924 341 2052 383 Nam
2070 342 2297 400 Clodius,
2333 357 2497 409 quum
2520 349 2777 408 pateretur

303 432 359 461 ea
394 413 685 462 conditione
722 414 1025 464 Ciceronem
1058 415 1309 473 revocari,
1343 414 1394 461 si>
1418 413 1662 462 Catilinae
1695 413 1819 462 socii
1853 414 2173 475 revixissent,
2218 420 2314 472 hac
2348 423 2454 487 ipsa
2487 421 2776 473 conditione

298 499 556 558 indicavit,
591 517 686 567 pro
720 500 910 548 scelere
945 516 1036 548 suo
1071 516 1123 546 se
1156 499 1280 545 tanti
1314 497 1573 543 aestimare
1611 495 1868 543 Ciceronis
1905 494 2153 553 exsilium,
2189 500 2368 564 quanti
2396 499 2776 550 illorum'vi‘tam

298 581 601 628 restitutam.
672 581 850 636 Neque
884 596 1006 625 vern
1048 587 1151 619 tam
1205 577 1404 619 insanae
1446 574 1627 619 mentis
1661 574 1766 639 ipse
1799 582 1928 631 erat,
1979 581 2039 620 ut
2080 587 2144 620 ex
2179 573 2485 627 Catilinnriis
2526 578 2578 626 in
2621 579 2776 628 Vitam

303 658 476 703 denuo
521 653 748 699 excitatis
790 671 1029 716 magnum
1070 652 1377 718 reipublicae
1426 652 1714 717 periculum
1754 653 2058 699 exstiturum
2097 667 2201 698 non
2241 653 2570 720 intelligeret3.
2618 675 2775 726 quare

303 731 479 788 etiam,
526 733 566 778 si
614 733 793 778 Cicero
837 748 939 778 non
982 736 1286 786 revenisset,
1341 735 1396 777 in
1433 749 1614 792 magno
1657 731 1886 794 periculo
1930 731 2157 780 futuram
2196 730 2349 779 fuisse
2383 736 2773 800 rempublicam,

308 811 571 859 confessus
605 829 708 858 esse
743 811 970 866 sumitur,
1006 828 1167 874 quum
1201 809 1336 855 illam
1373 807 1718 856 conditionem
1751 809 1929 866 ferret,
1974 821 2033 855 ut
2066 812 2264 859 Tullius
2299 812 2501 873 rediret,
2536 817 2577 861 si
2613 815 2776 863 hostes

305 898 458 955 atque
495 890 838 938 interfectores
872 891 1179 957 reipublicae
1208 890 1517 939 revixissent.
1579 890 1770 946 Restat,
1823 898 1881 936 ut
1913 906 2075 955 pauca
2102 907 2336 941 moneam
2370 894 2434 942 de
2478 894 2775 961 loquutione

309 970 623 1036 reipublicae
656 973 964 1039 interfector
997 982 1084 1019 aut
1115 972 1478 1037 rempublicam
1523 969 1836 1032 interficere,
1886 985 2015 1035 quae
2062 969 2193 1018 dura
2236 974 2537 1039 Marklando
2571 976 2775 1025 videtur

306 1049 613 1117 metaphora.
688 1051 869 1112 Credo,
914 1053 1031 1117 quia
1068 1052 1354 1118 respublica
1388 1067 1507 1100 cum
1543 1049 1745 1099 homine
1781 1058 2118 1116 comparatur.
2156 1049 2301 1101 Idem
2333 1051 2391 1101 fit
2422 1054 2477 1102 in
2511 1055 2654 1105 Catil.
2691 1054 2774 1113 ΙΙΙ,

307 1145 349 1177 c.
388 1145 426 1175 1.
463 1132 687 1194 „gladios
723 1133 776 1174 in
824 1130 1193 1194 rempublicam
1246 1130 1499 1178 districtos
1535 1130 1865 1180 retudimus.“
1909 1133 1961 1180 in
2003 1133 2184 1191 Pison.‚
2219 1150 2262 1182 c.
2307 1150 2378 1183 11.
2423 1135 2522 1195 „de
2562 1152 2774 1202 corpore

305 1209 611 1274 reipublicae
662 1218 873 1256 tuorum
916 1209 1168 1257 scelerum
1216 1208 1316 1257 tela
1357 1211 1681 1259 revellente.“
1729 1211 1796 1262 ib.
1833 1227 1874 1259 c.
1912 1227 1990 1275 29.
2035 1212 2122 1272 „in
2157 1211 2430 1279 sepulchro
2463 1214 2773 1282 reipublicae

305 1288 519 1334 incisum
554 1293 675 1334 est.“
708 1304 802 1354 pro
844 1289 994 1346 Sext„
1031 1306 1072 1336 c.
1129 1306 1200 1336 10.
1246 1290 1650 1356 „rempublicam
1685 1289 2218 1341 contrucidaverunt-‘⁶'

436 1411 492 1459 C.
530 1429 574 1477 7.
611 1411 701 1468 ‚,L.
741 1412 868 1468 Piso,
904 1420 1026 1458 tune
1059 1428 1209 1458 ausus
1244 1428 1295 1459 es
1330 1413 1422 1459 isto
1458 1412 1621 1473 oculo,
1655 1429 1757 1462 non
1794 1412 1961 1462 dIcam
1996 1414 2089 1462 isto
2122 1415 2316 1476 animo,
2351 1416 2443 1464 ista
2476 1415 2658 1477 fronte,
2671 1434 2773 1464 non

304 1493 430 1552 vita3
467 1501 603 1539 tanto
639 1492 923 1558 supercilio,
960 1509 1062 1538 non
1100 1492 1234 1539 enim
1268 1508 1474 1559 possum
1508 1491 1678 1541 dicere
1713 1493 1860 1541 tantis
1896 1493 2059 1559 gestis,
2096 1510 2214 1542 cum
2246 1493 2306 1542 A.
2344 1492 2563 1543 Gabinio
2598 1510 2772 1543 conso-

305 1576 436 1625 ciare
473 1574 681 1624 consilia
715 1575 867 1641 pestis
900 1572 1100 1621 meae?“

431 1681 526 1728 Hic
561 1682 788 1745 primum
824 1679 1006 1725 iniuria
1041 1677 1268 1743 Scriptor
1302 1678 1708 1743 reprehenditur,
1743 1690 2009 1746 propterea
2055 1682 2197 1746 quod
2241 1681 2485 1729 Pisonem·
2517 1680 2772 1729 absentem

301 1763 592 1828 alloquitur,
631 1770 688 1808 ut
719 1768 1047 1825 praesentem.
1084 1758 1210 1806 Nam
1243 1759 1346 1807 Cic.
1392 1776 1485 1824 pro
1531 1760 1663 1806 Sext.
1708 1776 1751 1806 c.
1806 1760 1876 1818 14.
1915 1758 2200 1824 alloquitur
2254 1758 2479 1808 eundem
2521 1762 2770 1817 Pisonem,

303 1860 406 1910 quo
442 1852 666 1907 tempore
695 1839 1050 1888 Macedoniam
1085 1837 1497 1886 administrabat:
1533 1841 1818 1897 „Parumne
1853 1846 1939 1897 est,
1974 1838 2102 1895 Piso,
2138 1845 2195 1884 ut
2229 1839 2455 1887 omittam
2480 1838 2769 1897 Gabinium,

304 1922 444 1990 quod
478 1931 676 1970 tantum
710 1920 938 1969 homines
973 1918 1211 1975 fefellisti,
1247 1926 1304 1964 ut
1338 1919 1609 1984 negligeres
1643 1918 1991 1964 auctoritatem
2023 1917 2232 1966 Senatus
2247 1917 2298 1964 ?“
2347 1935 2441 1984 pro
2485 1920 2691 1979 Milone,
2728 1936 2770 1969 c.

301 2006 380 2072 37.
418 2004 482 2067 Q.
519 2003 744 2062 fratrem,
782 2002 1004 2050 Caesaris
1034 2001 1256 2067 legatum
1291 2002 1343 2048 in
1380 2000 1545 2048 Gallia
1578 2008 1879 2047 versantem:
1907 1997 2086 2060 „Quid
2115 1998 2222 2058 tibi,
2235 1998 2298 2062 Q
2333 1998 2501 2061 frater,
2524 2002 2769 2068 quinunc

304 2086 480 2135 abes?“
509 2084 636 2133 Phil.
673 2087 709 2142 I,
753 2084 827 2135 13.
859 2084 976 2142 „Tu
1010 2092 1177 2130 autem
1213 2082 1282 2129 M.
1320 2081 1522 2138 Antoni,
1569 2077 1846 2142 (absentem
1888 2079 2160 2145 appello),“
2193 2078 2289 2130 etc.
2321 2079 2518 2129 Deinde
2551 2078 2770 2130 absurda

307 2167 553 2216 dicuntur
587 2163 852 2212 antitheta:
890 2167 988 2211 isto
1023 2164 1193 2220 oculo,
1228 2179 1331 2209 non
1364 2163 1545 2217 dicam,
1579 2163 1675 2207 isto
1709 2162 1900 2217 animo,
1935 2169 2028 2208 etc.
2090 2159 2292 2222 Quibus
2338 2160 2524 2209 Orator
2568 2161 2770 2221 indicat,

303 2247 534 2295 Pisonem
552 2243 716 2301 oculo,
753 2241 939 2300 fronte,
977 2241 1263 2307 supercilio,
1300 2260 1409 2290 eam
1443 2239 1537 2289 sibi
1584 2258 1851 2306 personam
1904 2241 2213 2307 imposuisse,
2268 2259 2421 2308 quam
2467 2242 2550 2290 alii
2588 2244 2769 2301 animo,

305 2325 421 2381 vita,
457 2322 611 2371 rebus
646 2322 792 2386 gestis
826 2320 1112 2385 suscipiant.
1152 2320 1439 2368 Concinunt
1471 2337 1541 2376 ea,
1580 2336 1707 2384 quae
1750 2336 1843 2384 pro
1895 2320 2027 2367 Sext.
2067 2336 2108 2366 c.
2160 2321 2206 2368 3.
2242 2319 2516 2367 dicuntur:
2573 2321 2771 2378 „Tanta

307 2411 414 2450 erat
446 2401 659 2466 gravitas
696 2399 748 2446 in
784 2397 948 2455 oculo,
984 2406 1120 2445 tanta
1154 2399 1428 2446 contractio
1463 2397 1725 2455 frontis,ut
1760 2397 1845 2445 illo
1876 2398 2145 2463 supercilio
2167 2415 2246 2446 res
2274 2398 2494 2463 publica,
2514 2408 2772 2465 tamquam

301 2482 503 2532 Atlante
540 2479 753 2528 Coelum
786 2477 880 2525 niti
913 2475 1186 2525 videretur.
1223 2476 1346 2523 Erat
1381 2474 1602 2541 denique
1638 2474 1720 2522 hic
1755 2475 1985 2523 omnium
2018 2493 2205 2525 sermo:
2265 2478 2359 2525 Est
2393 2486 2559 2525 tamen
2602 2481 2770 2545 reipu-

307 2563 470 2611 blicae
506 2577 751 2626 magnum
773 2559 1092 2623 firmumque
1125 2556 1444 2614 subsidium5
1480 2555 1637 2603 haheo
1673 2572 1823 2622 quem
1858 2572 2106 2622 opponam
2150 2555 2254 2604 labi
2296 2553 2374 2604 illi
2414 2567 2569 2625 atque
2613 2575 2770 2608 coeno

302 2644 611 2710 (Gabinio),·
662 2640 818 2688 vulta
879 2637 1076 2686 medius
1113 2635 1301 2699 fidiuS,
1356 2635 1601 2701 collegae,
1635 2637 1720 2683 sui
1770 2634 2029 2684 libidinem
2079 2636 2436 2705 levitatemque
2477 2637 2769 2705 franget.“

300 2727 535 2793 Denique
571 2721 738 2771 audax
773 2728 909 2768 recte
946 2726 996 2765 et
1024 2715 1277 2784 negligens
1312 2716 1687 2766 existimationis
1721 2735 1839 2768 suae
1860 2720 2135 2779 vocatur,si
2173 2721 2285 2789 quis
2321 2738 2431 2769 eam
2462 2721 2767 2788 gravitatem,

303 2822 456 2871 quam
490 2803 570 2851 vel
602 2800 766 2858 oculo,
807 2799 993 2857 fronte,
1017 2796 1302 2862 supercilio,
1338 2814 1443 2844 non
1478 2800 1662 2857 animo,
1695 2801 1811 2858 vita,
1849 2799 2000 2848 rebus
2030 2801 2175 2866 gestis
2209 2799 2404 2858 habeat,
2442 2800 2770 2866 quaque-ho·

301 2886 461 2933 mines
497 2882 729 2949 decipere
757 2872 926 2948 possit,
948 2888 1004 2926 ut
1038 2878 1210 2927 virum
1242 2877 1423 2927 fortem
1458 2880 1754 2939 existiment,
1788 2880 2006 2949 negligat
2035 2889 2185 2948 atque
2221 2897 2342 2929 cum
2375 2878 2621 2929 eiusmodi
2656 2879 2768 2929 viro

303 2982 351 3012 se
379 2965 663 3029 coniungat,
701 2963 846 3010 cuius
876 2962 914 3008 si
953 2959 1128 3007 similis
1180 2957 1436 3017 habeatur,
1460 2959 1639 3007 frontis
1675 2961 2016 3026 integumento
2051 2958 2243 3007 diutius
2277 2958 2350 3005 uti
2366 2957 2435 3005 ad
2467 2956 2771 3007 occultanda

302 3044 480 3110 flagitia
513 3050 747 3111 nequeat.
818 3040 991 3104 Quare
1016 3057 1080 3087 ne
1104 3038 1201 3086 hoc
1225 3037 1432 3104 quidem
1468 3039 1578 3086 iure
1613 3041 1848 3088 statuitur
1881 3038 1944 3087 ab
1977 3039 2300 3098 adversariis,
2355 3055 2448 3107 pro
2498 3039 2661 3086 ausus
2715 3052 2769 3083 es

307 3122 356 3176 h.
390 3124 423 3176 l.
457 3125 619 3192 aptius
653 3123 832 3180 fuisse,
870 3139 972 3170 non
1003 3121 1191 3187 puduit
1227 3129 1295 3176 te,
1332 3137 1501 3167 nonne
1537 3130 1586 3167 te
1621 3121 1890 3185 indignum
1921 3125 2093 3171 visum
2127 3121 2245 3171 est?

438 3243 491 3290 C.
535 3260 606 3290 11.
642 3242 854 3307 „Itaque
889 3241 943 3288 P.
979 3235 1183 3286 Lentuli
1218 3232 1463 3282 beneficio
1500 3233 1764 3283 excellenti
1798 3242 1948 3300 atque
1993 3232 2167 3283 divino
2203 3249 2306 3281 non
2349 3230 2548 3281 reducti
2594 3244 2766 3278 sumus

300 3328 353 3376 in
390 3327 614 3392 patriam,
637 3328 766 3375 sicut
777 3322 1012 3374 nonnulli
1035 3320 1296 3372 clarissimi
1316 3321 1462 3378 cives,
1485 3315 1576 3366 sed
1596 3316 1738 3383 equis
1758 3315 2036 3382 insignibus
2050 3322 2099 3362 et
2111 3331 2269 3364 curru
2281 3320 2455 3361 aurato
2477 3309 2769 3375 reportati.“
2828 3309 2834 3315 '

2724 3447 2763 3517 ’ἒ
