3007 3888
294 164 368 216 v1

292 292 546 367 orationes
581 297 873 339 constanter
904 289 1062 339 elatae
1096 298 1215 340 sunt
1247 289 1311 340 ab
1346 289 1695 362 eruditissimis
1711 288 1846 348 viris,
1880 298 1932 339 et
1949 289 2083 342 inter
2098 296 2545 360 praestantissimas
2563 290 2761 367 semp-11·

292 374 603 420 numeratae.
640 365 772 431 Quis
801 368 938 417 enim
969 367 1184 435 putabit,
1219 368 1504 426 Lambinos,
1541 368 1793 425 Graevius,
1827 367 2081 428 Muretus,
2117 372 2396 436 Manutius,
2436 375 2757 435 Gar-tonino,

294 449 416 499 ali0s
448 446 598 505 viroS,
638 446 729 514 qui
761 446 1017 514 principes
1039 447 1092 495 in
1112 445 1188 496 his
1208 446 1397 496 artibus
1411 445 1583 495 haberi
1608 424 1785 506 fient,
1818 444 1972 496 fuisse
1993 445 2133 497 latini
2150 452 2396 501 sermonis
2421 461 2524 503 tam
2539 453 2752 521 Ὓῃιιινος,

296 528 361 578 ab
395 527 668 594 elegantiae
704 543 855 574 sensu
889 534 993 574 tam
1025 535 1257 585 remotos,
1294 527 1345 573 in
1378 543 1552 576 rerum
1584 518 1927 576 Romanarum
1958 526 2166 576 scientia
2197 537 2302 587 tam
2334 529 2505 589 rudes,
2538 531 2605 581 ad
2635 549 2753 598 pro-

293 613 469 679 prium
501 609 727 675 denique
760 608 1018 657 Ciceronis
1051 607 1295 672 loquendi
1326 623 1482 671 genus
1517 605 1965 657 internoscendum
1986 613 2089 654 tam
2107 604 2289 671 parum
2321 618 2476 674 aptos,
2512 619 2570 659 ut
2589 611 2748 662 infimi

287 693 505 741 rhetoris
540 689 928 747 declamationes
962 685 1246 743 manifestis,
1282 693 1339 731 ut
1372 682 1565 743 dicunt,
1600 686 1733 735 vitiis
1753 685 1953 751 linguae
1979 694 2029 733 et
2047 686 2408 743 sententiar-um
2425 691 2746 758 peccatisque

285 773 537 823 historicis
570 770 869 819 deformatas
903 782 1007 814 non
1027 766 1371 813 discernerent
1404 784 1433 814 a
1466 766 1598 814 veris
1631 765 1971 813 monumentis
2004 766 2185 814 summi
2221 767 2446 823 oratoris,
2485 769 2747 835 in‘quiabus
2811 785 2829 794 ·

286 848 598 923 legendis'et
632 846 939 916 explicandis
973 863 1202 913 magnam
1229 854 1435 911 partem'
1461 847 1630 894 aetatis
1664 863 1782 894 suae
1818 845 2232 893 consumsissent?
2297 847 2357 894 In
2391 864 2494 913 quo
2528 851 2746 899 maxime

290 939 441 988 etiam
475 930 765 981 mirandum
799 936 884 985 est,
917 926 1058 993 quod
1095 927 1413 1002 Garatonius,
1453 944 1607 995 quem
1624 923 1843 973 Wolfius
1863 943 2024 973 unum
2046 927 2273 992 inprimis
2309 927 2562 988 idoneum,
2599 932 2746 980 cuius

293 1017 565 1069 sententiae
601 1029 678 1060 res
700 1009 1111 1065 committeretur,
1149 1008 1460 1067 existimavit,
1502 1026 1566 1056 ne
1600 1016 1738 1055 tanto
1765 1007 1974 1073 quidem
2007 1018 2417 1073 argumentorum
2449 1030 2662 1064 numero
2697 1027 2746 1072 et

2929 504 2967 523 9

287 1098 539 1169 pondere,
575 1100 821 1159 quantum
856 1087 1136 1136 attulerunt
1169 1098 1503 1148 accusatores,
1541 1106 1601 1137 eo
1635 1087 1822 1137 adduci
1858 1089 2042 1155 potuit,
2078 1097 2135 1135 ut
2169 1105 2249 1136 eas
2284 1092 2561 1152 orationes,
2618 1112 2742 1162 quas

286 1181 558 1231 admiratus
605 1180 752 1231 esset,
806 1179 1048 1235 tanquam
1089 1168 1402 1235 eloquentiae
1439 1170 1797 1218 Ciceronianae
1842 1169 2140 1236 specimina,
2187 1177 2378 1217 mutato
2424 1171 2613 1222 iudicio
2646 1192 2741 1241 pro

285 1257 565 1310 scholastici
603 1252 951 1301 declamatoris
980 1252 1425 1299 exercitationibus
1459 1251 1680 1298 haberet.
1749 1250 1823 1298 Ne
1869 1251 1982 1315 quis
2024 1258 2191 1297 tamen
2240 1249 2362 1298 haec
2396 1250 2497 1298 dici
2532 1271 2560 1299 a
2593 1255 2740 1303 nobis

246 1319 411 1391 ¹forte
447 1337 746 1391 arbitretur,
796 1349 899 1398 quo
943 1331 1025 1379 vel
1069 1331 1328 1379 Garatonii
1373 1331 1454 1378 vel
1489 1331 1706 1379 aliorum
1748 1329 1898 1395 primi
1946 1328 2139 1377 ordinis
2172 1329 2400 1378 virorum
2434 1333 2732 1382 auctoritate

282 1439 483 1473 causam
516 1426 738 1466 nostram
775 1411 979 1461 defendi
1013 1421 1163 1478 atque
1201 1410 1469 1461 diiudicari
1503 1410 1745 1461 velimus:
1793 1428 1972 1459 verum
2015 1408 2077 1458 id·
2114 1419 2247 1459 certe
2292 1412 2490 1477 sequuti
2542 1430 2732 1475 sumus,

281 1514 340 1552 ut
370 1520 432 1549 ne
469 1500 580 1565 quis
615 1514 729 1551 una,
766 1492 994 1559 quamvis
1028 1508 1219 1555 magna,
1243 1491 1414 1540 Wolfii
1452 1501 1502 1539 et
1535 1510 1727 1549 eorum,
1765 1492 1853 1557 qui
1882 1490 2032 1540 huius
2051 1493 2349 1540 sententiam
2363 1492 2577 1558 amplexi
2602 1504 2734 1556 sunt,

281 1582 572 1633 auctoritate
608 1592 810 1624 causam
845 1582 1069 1620 nostram
1104 1571 1251 1619 obrui
1287 1590 1427 1637 posse
1464 1575 1726 1624 existimet,

407 1662 531 1711 Nam
564 1659 660 1704 tria
692 1664 824 1712 sunt,
861 1671 990 1720 quae
1026 1652 1417 1701 demonstranda
1450 1655 1595 1703 nobis
1631 1657 1682 1702 in
1716 1655 1809 1704 hac
1845 1655 2181 1722 disputatione
2222 1663 2596 1725 proposuimus:
2631 1666 2734 1728 pri-

277 1762 434 1800 mum,
470 1761 498 1788 a
533 1740 776 1788 Cicerone
819 1737 1027 1800 scriptas
1076 1744 1126 1781 et
1168 1734 1324 1782 editas
1360 1752 1462 1782 esse
1515 1736 1764 1783 orationes
1812 1735 1875 1783 de
1917 1739 2220 1802 argumentis
2264 1740 2457 1801 iisdem,
2504 1740 2632 1809 q‘uae
2677 1745 2731 1792 in

277 1827 458 1876 nostris
494 1820 803 1872 orationibus
835 1825 1233 1884 pertractantur3
1268 1816 1498 1874 alterum,
1534 1816 1652 1863 inde
1688 1817 1990 1865 aCiceronis
2023 1827 2179 1866 aetate
2212 1837 2373 1887 usque
2408 1821 2473 1870 ad
2489 1824 2729 1874 Prisciani

278 1919 476 1973 tempus
511 1910 798 1952 constanter
834 1897 897 1945 ab
934 1896 1172 1943 omnibus
1207 1895 1433 1942 litteratis
1486 1895 1721 1944 Romanis
1765 1897 1978 1956 easdem,
2025 1898 2088 1946 de
2137 1900 2322 1966 quibus
2371 1920 2509 1951 nunc
2553 1907 2728 1972 agitur,

276 1986 525 2033 orationes
570 1996 666 2046 pro
702 1977 1044 2025 Ciceronianis
1078 1973 1267 2023 habitas
1301 1985 1450 2042 atque
1486 1974 1708 2025 laudatas
1745 1995 1880 2039 esse3
1914 1979 2134 2038 tertium,
2171 1981 2223 2028 in
2257 1982 2372 2049 ipsis
2420 1987 2729 2038 orationibus

277 2065 415 2116 nihil
473 2064 630 2109 inesse
674 2058 854 2105 merito
906 2057 1182 2123 scriptoris,
1228 2056 1367 2122 quod
1412 2075 1440 2104 a
1484 2057 1739 2106 Ciceronis
1778 2077 1932 2107 manu
1987 2069 2036 2107 et
2080 2062 2280 2128 ingenio
2323 2066 2570 2131 proficisci
2622 2089 2726 2121 non

283 2145 519 2216 potuerit.
596 2138 740 2201 Quae
774 2137 869 2183 tria
902 2136 939 2183 si
973 2134 1191 2201 probare
1220 2137 1499 2201 contigerit,
1536 2138 1600 2185 ita
1637 2146 1693 2185 ut
1722 2138 1872 2186 simul
1907 2140 2088 2200 omnia,
2124 2158 2252 2207 quae
2287 2142 2350 2191 de
2385 2145 2561 2196 iisdem
2580 2149 2732 2200 rebus

279 2248 307 2276 a
341 2223 620 2275 contrariae
655 2234 832 2266 causae
865 2217 1088 2282 patronis
1125 2216 1374 2282 disputata
1407 2227 1542 2274 sunt,
1578 2215 1910 2276 infirmentur,
1946 2217 2072 2265 nihil
2115 2221 2222 2279 erit,
2265 2223 2406 2287 quod
2449 2243 2728 2289 vereamur,

274 2327 337 2358 ne
371 2304 518 2373 periti
556 2310 605 2350 et
639 2299 786 2365 aequi
825 2297 1019 2346 iudices
1054 2298 1261 2345 nomina
1293 2307 1342 2345 et
1376 2298 1692 2348 auctoritates
1729 2295 2029 2346 desiderent.

398 2386 458 2432 In
491 2381 666 2449 primis
703 2380 854 2445 igitur
885 2386 998 2444 post
1031 2377 1255 2425 reditum
1290 2378 1464 2425 litteris
1495 2377 1561 2425 ad
1594 2377 1818 2424 Atticum
1852 2375 1979 2423 datis
2013 2378 2214 2426 Senatui
2251 2382 2434 2446 gratias
2470 2401 2498 2430 a
2519 2400 2569 2431 se
2591 2393 2725 2436 actas

267 2486 370 2518 esse
405 2464 578 2513 scribit
612 2462 789 2509 Cicero
826 2459 901 2506 his
935 2459 1102 2506 verbis
1134 2458 1218 2520 (ad
1251 2460 1401 2506 Attic.
1440 2460 1525 2515 IV,
1572 2460 1634 2519 1):
1670 2452 1951 2514 „Postridie
1995 2459 2047 2506 in
2091 2460 2292 2517 Senatu,
2344 2464 2433 2526 qui
2476 2463 2575 2511 fuit
2617 2465 2724 2515 dies

268 2551 396 2600 Non.
435 2542 713 2612 Septembr.
751 2541 955 2590 Senatui
990 2541 1171 2607 gratias
1207 2540 1446 2605 egimus,“
1510 2539 1714 2588 Editam
1748 2554 1851 2585 esse
1887 2536 2016 2585 hanc
2052 2537 2345 2597 orationem,
2381 2557 2482 2606 qua
2527 2543 2726 2594 Tullius

268 2628 471 2678 Senatui
507 2624 688 2690 gratias
724 2623 834 2686 egit,
871 2638 932 2667 ex
967 2637 1040 2667 or.
1075 2636 1170 2685 pro
1204 2620 1406 2668 Plancio
1443 2621 1816 2686 cognoscimus,
1854 2635 1896 2666 c.
1933 2617 2011 2666 36.
2045 2616 2215 2676 „Nihil
2258 2627 2427 2667 autem
2467 2639 2548 2670 me
2591 2626 2724 2684 novi,

267 2710 391 2759 nihil
430 2704 672 2772 temporis
709 2719 858 2751 causa
892 2699 1076 2759 dicere,
1113 2717 1280 2748 nonne
1313 2702 1460 2749 etiam
1495 2701 1629 2749 testis
1648 2708 1721 2749 est
1754 2699 1928 2760 oratio,
1955 2716 2083 2765 quae
2118 2707 2191 2748 est
2224 2719 2252 2749 a
2277 2718 2358 2749 me
2375 2702 2536 2768 prima
2556 2702 2725 2755 habita

268 2793 321 2840 in
355 2787 576 2839 Senatu?
610 2787 669 2833 In
705 2802 807 2852 qua
843 2799 1006 2850 quum
1039 2783 1301 2850 perpaucis
1330 2783 1627 2832 nominatim
1661 2781 1866 2848 egissem
1898 2781 2091 2847 gratias,
2129 2780 2270 2849 quod
2305 2799 2477 2833 omnes
2520 2803 2723 2835 enume-

272 2874 371 2919 rari
416 2870 559 2918 nullo
601 2866 756 2916 modo
798 2873 1015 2932 possent,
1067 2864 1230 2912 scelus
1272 2875 1439 2912 autem
1484 2872 1609 2911 esset
1652 2880 1960 2929 quemquam
2003 2865 2295 2929 praeteriri:
2340 2867 2720 2934 statuissemque

265 2969 347 3000 eos
382 2950 545 2998 solum
569 2949 857 3005 nominare,
896 2947 984 3012 qui
1037 2962 1214 2993 causae
1261 2954 1456 2992 nostrae
1504 2942 1658 2990 duces
1701 2952 1749 2990 et
1791 2944 1931 3009 quasi
1981 2943 2204 3010 signiferi
2257 2944 2496 2994 fuissent:
2541 2948 2594 2995 in
2645 2946 2720 2995 his

262 3030 464 3078 Plancio
499 3031 676 3095 gratias
712 3030 800 3095 egi.
840 3028 1101 3075 Recitetur
1134 3026 1308 3081 oratio,
1333 3043 1461 3090 quae
1494 3033 1701 3088 propter
1731 3026 1802 3071 rei
1838 3026 2233 3091 magnitudinem
2268 3026 2402 3076 dicta
2436 3028 2499 3076 de
2533 3028 2720 3093 scripto

263 3121 351 3160 est.
381 3112 439 3157 In
474 3130 572 3178 qua
605 3128 694 3177 ego
731 3109 883 3158 homo
917 3117 1111 3156 astutus
1146 3107 1188 3153 ei
1224 3124 1304 3153 me
1340 3104 1603 3162 dedebam,
1641 3107 1720 3153 cui
1755 3105 1879 3154 nihil
1912 3126 2212 3175 magnopere
2248 3108 2500 3166 deberem,
2536 3117 2585 3155 et
2629 3107 2720 3156 hu-

267 3194 345 3241 ius
380 3194 500 3239 tanti
535 3193 679 3240 officii
717 3192 1011 3239 servitutem
1045 3186 1419 3252 adstringebam
1453 3187 1735 3235 testimonio
1769 3190 2120 3255 sempiterno.“
2181 3190 2320 3253 Quid
2358 3190 2493 3238 enim
2533 3187 2715 3256 signifi-

263 3279 440 3321 carent
472 3269 654 3317 verba:
690 3272 960 3319 Recitetur
994 3271 1160 3317 oratio
1194 3275 1245 3314 et
1278 3267 1562 3314 testimonio
1596 3268 1923 3332 sempiterno,·
1981 3269 2020 3315 si
2056 3276 2401 3326 statueremus,
2447 3284 2557 3314 eam
2608 3284 2716 3314 ora-

257 3355 454 3405 tionem
487 3353 671 3401 nemini
707 3351 970 3419 legendam
1004 3350 1246 3401 exstitisse
1280 3356 1634 3416 praeterquam
1669 3348 1773 3414 ipsi,
1800 3349 1888 3415 qui
1924 3366 2077 3399 manu
2111 3350 2350 3416 scriptam
2383 3348 2436 3396 in
2469 3364 2583 3396 arca
2617 3363 2716 3396 ser-
