3007 3888
344 131 395 180 X
405 132 582 182 XVIII

333 262 398 311 ad
434 263 650 312 deorum
685 263 1050 316 immortalium
1084 284 1276 319 numen
1310 270 1555 320 accedit.“
1586 272 1908 338 proCluent„
1945 280 2086 344 ⁰·69·
2120 280 2271 342 υνυς,
2307 281 2807 352 Iudice8,quos³huic

336 342 573 392 Cluentio
588 343 837 411 quosdam
855 345 979 395 alios
997 346 1119 398 deos
1141 349 1207 399 ad
1241 368 1386 399 omne
1420 351 1550 399 vitae
1585 360 1783 418 tempus
1818 354 2024 407 fortuna
2052 376 2158 411 esse
2187 363 2399 413 voluit.“
2418 364 2482 415 de
2504 366 2811 435 Leg-Agmra
2852 347 2856 350 λ

334 424 397 483 11,
434 425 511 477 35.
545 425 714 484 „Haec
752 427 841 492 qui
876 439 1260 494 prospexerunt,
1295 430 1506 479 maiores
1539 440 1736 481 nostros
1770 433 1901 496 dico,
1937 454 2041 487 non
2075 457 2160 491 eos
2202 445 2256 493 in
2290 445 2512 496 deorum
2549 447 2809 499 immorta-

338 506 463 553 lium
498 523 714 554 numero
751 487 1066 558 venessndos
1102 529 1130 558 a
1165 509 1308 558 nobis
1344 520 1392 559 et
1426 511 1666 562 colendos
1698 516 1942 580 putatis?“
1974 521 2378 593 proSext.,e.69.
2408 531 2493 589 ‚,P.
2518 531 2807 592 Lentulum,

336 585 480 632 cuius
517 601 607 652 ego
642 594 856 652 patrem,
892 587 1047 636 deum
1081 605 1138 637 ac
1172 598 1430 655 parentem
1484 599 1647 640 statuo
1687 592 1922 646 fortunae
1968 615 2026 648 ac
2069 604 2289 655 nominis
2316 610 2481 659 ›meif‘
2545 606 2694 659 Ad‘de
2738 609 2804 659 de
2875 658 2878 659 a

283 737 299 746 ⁹
331 665 421 718 Or.
457 666 495 725 I,
534 673 612 719 23.
649 669 713 727 ΙΙ,
750 669 828 729 42.
867 670 1079 737 74.Ηοι·.
1113 669 1213 721 Sat.
1248 669 1371 728 11,6,
1401 669 1476 718 52.
1516 670 1660 735 Quae
1686 689 1850 740 quum
1883 679 1952 727 ita
1986 682 2098 742 sint,
2112 695 2177 734 ne
2211 684 2308 737 hoe
2331 685 2542 756 quidem
2558 683 2806 741 miramur

334 765 506 814 neque
543 769 571 797 a
607 750 864 798 Ciceronis
892 749 1133 815 'religione
1169 750 1390 797 alienum
1423 759 1674 816 putamus,
1711 755 1854 820 quod
1889 757 2034 818 infra,
2071 778 2112 808 c.
2156 781 2228 813 10.
2285 767 2510 832 Quirites
2555 769 2802 820 dicuntur

294 831 549 902 §.deorum
585 832 942 879 immortalium
975 833 1080 878 vim
1114 842 1165 878 et
1198 849 1385 877 numen
1420 842 1607 880 tenere.
2675 884 2678 888 ,
2760 887 2762 889 ,

469 913 524 959 C.
564 914 607 959 5.
644 915 962 976 „Numquam
998 910 1061 957 de
1096 913 1148 958 P.
1185 911 1398 975 Popillio
1433 913 1489 959 L.
1529 914 1775 979 Opimius,
1811 918 2113 970 fortissimus
2149 925 2354 987 Consul,
2400 928 2681 1000 numquam
2735 933 2799 982 de

336 994 398 1057 Q.
432 993 632 1040 Metello
667 1009 768 1039 non
803 991 955 1038 modo
993 992 1047 1040 C.
1085 992 1292 1049 Marius,
1329 992 1417 1056 qui
1455 1002 1561 1040 erat
1594 995 1842 1056 inimicus,
1877 999 1968 1048 sed
2002 1018 2065 1049 ne
2101 1004 2141 1051 is
2174 1006 2399 1069 quidem,
2435 1013 2523 1077 qui
2555 1021 2800 1079 sequutus

334 1083 420 1132 est,
457 1075 529 1122 M.
567 1075 827 1129 Antonius,
865 1072 1014 1120 homo
1050 1072 1504 1138 eloquentissimuS,
1541 1090 1659 1123 cum
1692 1075 1750 1123 A.
1787 1075 1988 1137 Albino,
2036 1080 2238 1148 collega,
2281 1083 2522 1138 Senatum
2581 1088 2669 1139 aut
2712 1108 2799 1159 po-

329 1155 511 1221 pulum
536 1165 606 1204 est
624 1154 926 1206 cohortatus.
963 1156 1030 1204 At
1063 1172 1157 1222 pro
1207 1173 1287 1203 me
1333 1153 1616 1221 superiores
1669 1155 1910 1205 Consules
1951 1176 2162 1226 semper,
2203 1172 2261 1211 ut
2302 1164 2572 1228 referrent,
2619 1171 2800 1239 efflagi-

329 1239 416 1286 tati
453 1247 581 1286 sunt.
617 1265 683 1276 —
719 1236 817 1285 Sed
867 1237 1013 1284 veriti
1049 1246 1180 1296 sunt,
1217 1254 1280 1284 ne
1316 1237 1501 1303 gratiae
1548 1253 1694 1286 causa
1737 1236 1902 1287 faeere
1952 1240 2262 1303 viderentur,
2313 1245 2456 1312 quod
2496 1248 2623 1299 alter
2659 1252 2795 1303 ,mihi

326 1322 486 1371 affinis
509 1331 626 1380 erat,
641 1321 845 1369 alterius
866 1337 1065 1369 causam
1083 1320 1256 1386 capitis
1291 1336 1603 1386 receperam:
1642 1319 1728 1386 qui
1764 1322 2144 1386 provinciarum
2166 1324 2608 1390 foedere-irretiti,
2633 1341 2798 1383 totum

324 1421 513 1454 annum
534 1402 1209 1468 querelasSenatus,luctum
1242 1402 1510 1457 bonorum,
1522 1401 1687 1448 Italiae
1720 1402 1962 1465 gemitum
1993 1405 2400 1470 pertulerunt.--
2412 1410 2795 1465 Kalendis'vero

323 1486 451 1541 Jan.,
486 1490 809 1548 posteaquam
844 1480 966 1528 orba
1001 1479 1285 1545 respublica
1320 1479 1554 1528 Consulis
1588 1479 1757 1538 fidem,
1793 1490 2053 1547 tamquam
2087 1483 2289 1551 legitimi
2331 1489 2525 1546 tutoriS‚
2562 1491 2794 1557 implora-

323 1564 408 1620 vit,
445 1564 497 1611 P.
536 1560 782 1609 Lentulus
818 1559 1023 1618 Consul,
1057 1577 1252 1626 parens,
1286 1561 1426 1619 deus,
1463 1559 1594 1608 salus
1629 1569 1826 1609 nostrae
1861 1562 2005 1623 vitae,
2041 1562 2287 1625 fortunae,
2311 1570 2597 1629 memoriae,
2632 1575 2792 1623 nomi-

324 1647 414 1703 nis,
451 1644 600 1692 simul
636 1662 693 1691 ac
730 1643 793 1691 de
829 1642 1058 1691 sollemni
1091 1642 1331 1707 religione
1368 1641 1555 1698 retulit,
1591 1639 1719 1687 nihil
1754 1640 2090 1692 humanarum
2125 1664 2297 1695 rerum
2330 1650 2421 1697 sibi
2457 1654 2611 1718 prius,
2635 1670 2789 1720 quam

323 1727 386 1774 de
421 1743 500 1772 me
538 1723 791 1790 agendum
827 1722 1119 1769 iudicavit.“
1164 1722 1460 1769 Ciceronem
1495 1730 1608 1767 ante
1655 1738 1859 1782 annum,
1907 1738 2009 1788 quo
2062 1734 2322 1773 revocatus
2365 1729 2428 1774 sit
2469 1730 2521 1775 in
2559 1733 2785 1797 patriam,

323 1806 540 1854 Gabinio
575 1813 845 1869 patronum
878 1801 1030 1849 fuisse
1066 1802 1118 1848 in
1154 1801 1352 1867 capitali
1389 1800 1593 1860 iudicio,
1632 1821 1749 1849 eum
1784 1802 2045 1868 capitalem
2080 1821 2304 1852 errorem
2322 1807 2588 1873 Scriptoris
2623 1811 2787 1857 existi-

320 1882 821 1945 mantMarklandus
858 1890 907 1929 et
944 1880 1175 1929 Wolfius.
1212 1881 1447 1929 Attamen
1484 1884 1673 1947 egregie
1725 1899 1843 1930 cum
1897 1883 1988 1931 hac
2043 1885 2264 1932 oratione
2309 1889 2552 1935 consentit
2596 1905 2667 1937 or.
2720 1889 2783 1938 de

318 1982 459 2034 prov.
498 1963 726 2021 Cons.,c.
770 1976 840 2009 10.
877 1960 1108 2019 „Etenim
1141 1960 1180 2007 si
1217 1960 1289 2021 iis,
1326 1961 1414 2027 qui
1449 1961 1570 2010 haec
1606 1962 1772 2010 omnia
1806 1961 2002 2011 flamma
2037 1979 2094 2012 ac
2129 1963 2264 2013 ferro
2293 1964 2461 2015 delere
2495 1968 2779 2029 voluerunt,

324 2063 428 2094 non
464 2045 749 2093 inimicitias
786 2042 963 2099 solum,
999 2041 1087 2089 sed
1123 2042 1269 2089 etiam
1304 2041 1496 2089 bellum
1532 2043 1688 2090 indixi
1725 2051 1875 2109 atque
1911 2044 2073 2102 intuli,
2110 2062 2269 2110 quum
2304 2048 2487 2112 partim
2519 2048 2640 2096 mihi
2673 2049 2781 2098 illo-

321 2144 440 2174 rum
455 2125 736 2182 familiares,
749 2123 931 2189 partim
967 2123 1128 2179 etiam,
1155 2139 1234 2169 me
1271 2121 1587 2179 defendente,
1601 2123 1771 2187 capitis
1808 2122 2006 2171 iudiciis
2043 2133 2204 2172 essent
2231 2124 2449 2187 liberati3
2486 2144 2579 2176 cur
2603 2128 2777 2178 eadem

323 2205 620 2272 respublica,
659 2220 786 2269 quae
821 2219 900 2250 me
932 2201 983 2248 i'n
1018 2202 1202 2249 amicos
1238 2201 1546 2249 inflammare
1582 2200 1760 2266 potuit,
1799 2201 2014 2249 inimicis
2048 2201 2248 2267 placare
2282 2220 2383 2252 non
2419 2207 2571 2270 possit
2589 2206 2637 2253 ?“
2685 2208 2783 2257 Ubi

322 2286 534 2334 oratorie
584 2282 792 2349 pluralis
841 2299 1085 2328 numerus
1127 2298 1220 2346 pro
1262 2281 1497 2345 singulari
1544 2281 1764 2345 ponitur,
1818 2289 1967 2345 atque
2020 2281 2188 2329 verbis
2225 2281 2546 2347 familiares,
2600 2291 2784 2353 eapitis

322 2365 527 2411 iudiciis
563 2360 783 2416 liberati,
806 2363 1028 2408 inimicis
1062 2360 1412 2426 intelliguntur
1445 2362 1571 2418 Piso,
1610 2359 1870 2418 Gabinius,
1907 2360 2131 2409 Clodius.
2167 2365 2324 2411 Porro
2338 2365 2552 2414 Wolfius
2588 2368 2782 2416 nullam

317 2441 444 2489 hanc
481 2437 888 2503 consequentiam
923 2454 1026 2485 esse
1062 2436 1204 2485 dicit:
1240 2437 1563 2503 „Numquam
1597 2437 1659 2486 de
1694 2437 1921 2503 Popillio,
1959 2437 2022 2487 de
2057 2439 2279 2499 Metello,
2300 2442 2545 2507 populum
2582 2454 2668 2492 aut
2700 2445 2783 2494 Se-

313 2529 487 2567 natum
523 2515 766 2564 cohortati
802 2524 918 2564 sunt
955 2515 1229 2566 Consules:
1265 2527 1315 2565 at
1348 2535 1441 2584 pro
1472 2536 1552 2566 me
1589 2516 1868 2582 superiores
1892 2516 2134 2566 Consules
2150 2519 2332 2583 (quum
2368 2520 2458 2584 ipsi
2477 2539 2579 2569 non
2605 2522 2779 2572 cohor-

312 2600 558 2661 tarentur)
594 2616 621 2644 a
662 2596 847 2644 Senatu
883 2614 1096 2663 semper,
1136 2607 1194 2645 ut
1239 2597 1500 2657 referrent,
1547 2599 1793 2665 efflagitati
1841 2607 1988 2657 sunt3
2023 2626 2090 2636 —
2131 2590 2369 2648 Kalendis
2402 2619 2523 2650 vero
2561 2603 2669 2650 Jan.
2717 2633 2779 2642 -

310 2685 360 2730 P.
398 2679 647 2729 Lentulus
684 2677 873 2726 Consul
897 2707 963 2716 -
994 2678 1122 2726 nihil
1158 2679 1493 2728 humanarum
1527 2697 1700 2727 rerum
1733 2678 1826 2727 sibi
1870 2680 2026 2745 priuS,
2074 2697 2226 2746 quam
2280 2680 2343 2728 de
2392 2700 2472 2730 me
2527 2685 2780 2751 agendum

317 2759 608 2809 iudicavit.“
640 2758 826 2804 Fateor
860 2775 940 2805 me
974 2759 1182 2817 nescire,
1219 2759 1343 2825 quid
1378 2758 1734 2824 consequentia
1769 2758 1844 2816 sit,
1882 2759 1920 2805 si
1958 2759 2068 2804 iure
2103 2767 2328 2824 negetur,
2363 2759 2492 2808 hanc
2519 2779 2620 2810 esse
2657 2780 2776 2813 con-

316 2841 628 2907 sequentiam
644 2856 660 2908 :—
690 2838 989 2905 IVumquam
1024 2839 1086 2887 de
1121 2840 1338 2905 Popillio
1351 2840 1668 2907 —populum
1702 2848 1793 2886 aut
1809 2838 2054 2886 Senatum
2088 2837 2342 2886 cohortati
2375 2849 2497 2886 sunt
2513 2841 2773 2901 Consules,

311 2934 362 2970 at
398 2950 457 2958 —
496 2922 556 2968 P.
594 2920 848 2966 Lentulus
887 2920 1081 2967 Consul
1112 2920 1242 2967 nihil
1273 2921 1369 2968 sihi
1397 2926 1569 2987 prius,
1605 2937 1757 2986 quam
1791 2921 1852 2967 de
1885 2937 1962 2966 me
1996 2920 2251 2984 agendum
2285 2920 2538 2969 iudicavit.
2576 2922 2770 2971 Verba:

313 3000 400 3048 secl
432 3000 578 3047 veriti
609 3024 675 3037 —
704 2997 1054 3064 pertulerunt,
1092 2998 1521 3064 interpositionem
1556 2998 1810 3067 quandam
1846 2999 2078 3057 efficiunt,
2126 3015 2226 3066 qua
2277 2991 2557 3048 Consulum
2611 3001 2772 3066 impu-
2836 3047 2840 3050 .

314 3079 479 3127 dentia
510 3078 863 3146 perstringitur
896 3076 1255 3134 simulantium,
1292 3092 1341 3123 se
1375 3078 1554 3136 vereri,
1590 3093 1652 3124 ne
1686 3078 1867 3143 gratiae
1903 3091 2050 3125 causa
2082 3075 2246 3124 facere
2280 3075 2589 3133 viderentur,
2609 3091 2770 3141 quum

314 3177 368 3207 re
401 3177 517 3207 vera
543 3159 728 3206 irretiti
765 3165 930 3205 essent
964 3156 1171 3205 foedere
1206 3159 1596 3224 provinciarum.

444 3256 496 3305 C.
534 3258 576 3304 5.
612 3254 791 3318 „Quae
810 3253 1106 3302 deliberatio
1142 3269 1245 3301 non
1282 3253 1334 3299 in
1356 3249 2076 3318 reddenda,quemadmodum
2110 3249 2342 3300 nonnulli
2378 3247 2765 3309 arbitrabantur,

310 3336 416 3394 sed,
453 3346 507 3384 ut
540 3336 843 3401 patefactum
878 3343 962 3394 est,
1000 3334 1053 3384 in
1087 3332 1313 3400 augenda
1347 3332 1581 3385 mercede
1617 3339 1911 3397 consumpta
1945 3337 2066 3380 est.“
