3007 3888
302 153 354 203 X
680 195 701 208 .

298 286 410 336 dies
433 286 591 333 visus
625 293 723 343 est,
761 294 819 332 ut
847 288 1066 351 speciem
1094 286 1320 353 aliquam
1346 287 1553 335 viderer
1575 288 1754 337 videre
1770 290 1924 355 quasi
1945 299 2288 349 reviviscentis
2305 302 2615 369 reipublicae
2656 305 2766 370 16ss

295 365 473 416 Nonne
508 365 659 412 etiam
694 363 945 425 Ciceroni,
981 376 1039 415 ut
1072 369 1389 434 Pompeiano,
1426 367 1514 432 qui
1553 366 1804 417 desiderio
1837 372 2075 436 pristinae
2112 376 2365 444 dignitatis
2389 382 2441 430 in
2462 392 2765 450 perpetuum

296 456 460 496 tacere
496 446 761 504 statuisset,
799 445 1165 496 difficillimum
1200 464 1301 496 esse
1336 445 1621 512 oportebat,
1659 446 1881 507 Caesari,
1913 450 2144 504 factionis
2177 475 2295 509 suae
2330 462 2533 522 victori,
2585 466 2765 529 gratias

297 543 469 593 agere,
507 527 575 574 ita
610 535 669 575 ut
704 535 754 574 et
788 526 923 575 illius
957 526 1202 576 voluntati
1246 534 1294 573 et
1328 525 1427 573 suis
1472 524 1650 574 studiis
1694 530 2054 595 communique
2099 534 2310 586 civitatis
2350 541 2497 598 saluti
2532 545 2767 592 serviret?

296 609 346 655 Si
383 625 504 655 vero
541 609 756 674 gratiam
792 609 1012 675 quaeris:
1049 606 1170 654 haec
1207 607 1326 652 inita
1345 613 1417 651 est
1450 611 1499 650 et
1533 605 1809 654 aMarcelli
1827 611 2125 677 propinquis
2143 630 2200 661 ac
2215 614 2545 669 familiaribus
2558 632 2764 688 propter

297 687 665 736 Marcellorum
701 687 895 744 laudes,
936 694 985 732 et
1013 704 1042 732 a
1075 684 1282 732 Caesare
1315 691 1523 748 propter
1558 692 1689 731 actas
1722 687 1917 750 gratias.
1994 691 2230 760 Denique
2265 696 2492 747 Marcelli
2536 702 2765 750 volunta-

295 776 401 815 tem
455 765 598 833 quod
649 767 844 823 attinet,
900 782 955 811 ea
1007 764 1118 811 talis
1179 771 1307 820 erat,
1366 771 1423 810 ut
1476 762 1622 811 facile
1671 772 1719 810 et
1775 782 1938 831 aequo
1992 771 2159 820 animo
2208 776 2367 839 patria
2417 789 2610 827 careret
2665 781 2763 829 {1113

298 847 635 914 temporibus3
703 861 866 910 neque
923 861 1037 891 sane
1092 841 1339 890 iucundas
1390 843 1433 890 ei
1500 842 1722 891 Caesaris
1784 843 1958 894 laudes
2017 847 2169 899 fuisse
2232 852 2564 904 arbitramur:
2643 867 2764 908 atta.

298 945 416 976 men
467 935 694 994 pergrata
734 927 884 973 fuisse
934 924 1331 973 necessariorum
1379 930 1428 971 et
1484 923 1700 971 maxime
1756 922 2014 974 Ciceronis
2075 928 2265 991 officia,
2326 943 2536 984 testatur
2607 939 2762 1004 ipsius

301 1007 510 1073 epistola
564 1005 628 1054 ad
690 1003 988 1052 Ciceronem
1050 1001 1206 1063 (Fam.
1267 1003 1357 1060 IV,
1419 1006 1538 1067 11.):
1602 1004 1731 1062 „Res
1786 1005 2220 1070 quemadmodum
2273 1014 2336 1061 sit
2378 1025 2512 1075 acta,
2568 1028 2759 1068 vestrae

299 1087 494 1134 litterae
536 1084 656 1133 mihi
700 1082 969 1131 declarant.
1018 1080 1301 1130 Gratulatio
1344 1092 1432 1130 tua
1477 1084 1566 1132 etsi
1611 1093 1683 1132 est
1717 1084 1839 1134 mihi
1873 1087 2239 1153 probatissima,
2287 1095 2428 1160 quod
2469 1098 2658 1163 optimo
2706 1099 2763 1147 fit

300 1169 488 1227 anim03
523 1175 688 1213 tamen
723 1163 817 1212 hoc
851 1161 975 1210 mihi
1012 1162 1174 1210 multo
1211 1162 1485 1212 iucundius
1531 1175 1602 1213 est
1644 1175 1693 1214 et
1727 1169 1936 1233 gratius,
1990 1170 2131 1235 quod
2176 1173 2227 1219 in
2276 1190 2471 1224 summa
2513 1180 2759 1243 paucitate

302 1248 591 1304 amicorum,
626 1244 1032 1310 propinquorum
1055 1259 1113 1290 ac
1141 1245 1551 1302 necessariorum,
1589 1247 1675 1312 qui
1711 1265 1827 1295 vere
1861 1267 1999 1297 meae
2034 1251 2178 1299 saluti
2213 1252 2450 1314 faverent,
2471 1266 2518 1305 te
2545 1259 2762 1324 cupidis-

302 1330 482 1377 simum
516 1326 637 1383 mei,
673 1324 1081 1391 singularemque
1099 1322 1220 1372 mihi
1241 1323 1641 1375 benevolentiam
1657 1330 1955 1394 praestitisse
1990 1335 2248 1399 cognovif.
2278 1334 2417 1398 Quid
2449 1356 2566 1405 ergo
2585 1358 2759 1391 causae

300 1412 417 1467 erit,
456 1426 547 1457 cur
582 1425 696 1455 eum
713 1408 932 1454 noluisse
950 1416 1206 1472 putemus,
1230 1417 1618 1454 monumentum
1639 1419 1830 1457 exstare
1850 1411 1998 1459 huius
2017 1416 2388 1466 benevolentiae
2413 1419 2761 1485 17)?Secunda

301 1487 472 1538 Wolfii
510 1489 634 1535 ratio
670 1497 763 1533 est:
800 1485 981 1544 „Adde
1018 1484 1168 1533 huius
1202 1488 1371 1534 aetatis
1406 1504 1601 1534 morem
1636 1497 1684 1535 et
1720 1488 2035 1556 elegantiam,
2075 1497 2181 1554 cui,
2216 1516 2295 1545 me
2333 1499 2540 1565 quidem
2575 1502 2758 1560 iudice,

302 1570 610 1618 contrarium
664 1567 870 1616 videtur
905 1577 953 1616 et
997 1568 1249 1635 ineptum,
1296 1567 1460 1616 verbis
1497 1568 1740 1634 pluribus
1787 1572 1859 1619 uti
1897 1572 2118 1640 aliquem
2152 1578 2202 1625 in
2237 1581 2509 1645 gratiarum
2543 1585 2760 1643 actione,

301 1667 453 1717 quam
488 1649 592 1714 ipsa
626 1665 705 1697 res
740 1649 1037 1715 postularet,
1076 1650 1130 1698 id
1164 1660 1257 1707 est,
1295 1659 1351 1697 ut
1386 1648 1567 1697 Cicero
1604 1649 1772 1698 dicere
1814 1652 1962 1712 solet,
1999 1658 2341 1722 amplissimis,
2388 1664 2760 1728 singularibus,

302 1749 388 1781 seu
421 1730 678 1795 pluribus,
715 1746 868 1795 quam
890 1729 1106 1794 factum
1141 1737 1274 1775 esset
1306 1746 1336 1774 a
1372 1729 1557 1775 ceteris
1592 1726 1980 1781 Senatoribus.“
2044 1733 2279 1783 Attamen
2315 1739 2514 1788 Tullius
2548 1740 2761 1788 litterate

304 1812 427 1861 dicit
462 1811 513 1857 in
549 1809 752 1876 epistola
787 1807 852 1855 ad
885 1808 991 1855 Ser.
1028 1807 1313 1873 Sulpicium
1348 1808 1504 1869 (Fam.
1546 1807 1638 1864 lV,
1676 1808 1766 1871 4.),
1803 1826 1956 1875 quam
1990 1829 2138 1861 nemo
2173 1834 2459 1882 germanam
2479 1836 2582 1868 esse
2601 1829 2758 1888 negat,

296 1888 535 1956 pluribus
568 1887 728 1935 verbis
763 1890 846 1953 egi
887 1887 1097 1934 Caesari
1114 1890 1326 1951 gratias.
1359 1887 1535 1953 Itaque
1556 1889 1594 1935 si
1621 1889 1862 1953 pluribus
1883 1890 2044 1939 verbis
2075 1896 2153 1941 uti
2186 1897 2240 1942 in
2256 1900 2543 1960 gratiarum
2561 1902 2761 1950 actione

301 1989 404 2021 non
437 1968 622 2017 licebat
656 1968 743 2016 illo
777 1976 1026 2033 tempore,
1076 1976 1341 2033 peccatum
1395 1965 1490 2015 hoc
1533 1976 1604 2015 est
1653 1967 1932 2027 Ciceronis,
1971 1987 2123 2036 quem
2166 1982 2223 2021 ut
2256 1972 2760 2041 poeniteat,'tanti1m

298 2050 464 2105 abest,
500 2055 557 2094 ut
590 2047 804 2111 gloriose
840 2045 970 2094 illud
1003 2046 1272 2112 praedicet.
1326 2048 1382 2094 In
1417 2045 1761 2113 sequentibus:
1795 2048 2002 2104 „Tertio
2037 2059 2122 2098 aut
2156 2062 2335 2117 quarto
2370 2064 2481 2120 post
2507 2054 2761 2105 Christum

306 2127 529 2183 saeculo,
579 2124 766 2191 quibus
811 2124 1123 2190 temporibus
1159 2125 1438 2172 Eumenius
1484 2133 1532 2171 et
1574 2123 1863 2188 Panegyrici
1900 2125 2063 2174 Latini
2110 2130 2366 2191 vixerunt,
2422 2135 2474 2181 in
2518 2135 2602 2183 tali
2648 2137 2758 2184 1000

300 2217 348 2255 et
367 2216 591 2270 tempore
619 2204 853 2250 convenit
872 2203 999 2249 iusta
1034 2203 1207 2259 oratio,
1249 2219 1352 2250 non
1387 2202 1767 2262 Ciceroniano,“
1781 2203 1939 2250 oratio
1955 2221 2047 2269 pro
2066 2206 2308 2257 Marcello
2327 2226 2444 2258 cum
2464 2214 2763 2278 panegyrico

297 2296 345 2333 et
377 2291 619 2352 perpetua
654 2280 941 2327 laudatione
978 2288 1319 2345 comparatur3
1363 2282 1504 2346 quasi
1563 2283 1811 2333 Wolfium
1846 2284 2090 2343 latuisset,
2138 2304 2247 2334 eam
2287 2290 2564 2337 orationem
2594 2291 2763 2356 gratiis

299 2363 494 2412 Caesari
530 2360 733 2426 agendis
769 2361 992 2427 incipere
1028 2370 1076 2407 et
1122 2362 1400 2418 terminari,
1438 2363 1489 2407 in
1542 2362 1711 2409 medio
1754 2371 1921 2410 autem
1963 2364 2174 2428 positam
2226 2382 2329 2413 esse
2376 2366 2763 2434 disputationem

300 2445 363 2492 de
399 2439 706 2491 restituenda
741 2448 789 2485 et
831 2440 1084 2504 sapienter
1128 2439 1477 2505 componenda
1518 2438 1779 2504 republica
1821 2440 1912 2502 18).
1984 2440 2181 2500 Tertia,
2218 2459 2347 2508 quae
2382 2454 2550 2502 restat,
2588 2445 2759 2492 Wolfii

296 2526 423 2574 ratio
458 2522 534 2569 his
567 2520 734 2568 verbis
770 2520 1062 2584 exponitur:
1100 2520 1367 2584 „Denique
1388 2518 1719 2566 Plutarchum
1737 2520 1775 2565 si
1799 2519 2048 2576 audimus,
2064 2521 2418 2579 testimonium,
2441 2539 2542 2588 quo
2563 2523 2762 2571 nullum

294 2601 597 2669 locupletius
628 2599 790 2664 optari
825 2606 1007 2663 potest,
1052 2596 1340 2663 planissime
1383 2609 1618 2664 apparet,
1658 2600 1744 2647 illa
1773 2599 1930 2667 plura
1966 2598 2115 2645 verba
2159 2614 2261 2645 non
2297 2600 2517 2665 explesse
2551 2602 2761 2652 modum

294 2684 449 2731 iustae
484 2678 739 2736 orationiS,
776 2692 905 2742 quae
942 2675 1125 2723 deinde
1141 2687 1304 2743 posset
1329 2678 1505 2727 litteris
1525 2677 1770 2727 mandari.
1808 2678 1969 2725 Testis
2004 2677 2106 2743 ipse
2139 2678 2319 2726 Caesar
2352 2687 2438 2726 est.
2461 2680 2585 2728 Nam
2601 2698 2761 2748 quum

294 2762 434 2811 brevi
467 2767 581 2827 post
611 2757 900 2805 restitutum
930 2754 1233 2802 Marcellum
1267 2755 1442 2805 Cicero
1477 2773 1572 2824 pro
1596 2756 1797 2822 Ligario
1832 2753 2061 2802 dicturus
2096 2764 2236 2814 esset,
2272 2773 2376 2823 quo
2397 2758 2599 2807 tandem
2615 2769 2760 2827 pacto

296 2843 541 2909 potuisset
589 2839 770 2888 Caesar
809 2836 867 2883 iis
918 2833 1088 2883 verbis
1143 2834 1242 2892 uti,
1283 2835 1471 2900 quibus
1502 2845 1615 2885 tum
1649 2851 1799 2883 usum
1852 2833 2006 2882 tradit
2037 2833 2362 2884 Plutarchus:
2403 2837 2543 2902 Quid
2575 2839 2759 2897 obstat,

298 2923 569 2987 quominus
634 2916 933 2966 Ciceronem
993 2920 1136 2960 tanto
1192 2914 1456 2962 intervallo
1513 2917 1784 2964 audiamus
1842 2913 2120 2962 dicentem?
2185 2914 2296 2961 Iam
2355 2916 2552 2980 pridem
2611 2916 2759 2966 nobis

302 3008 494 3046 certum
536 3004 642 3052 est,
699 2992 970 3056 Ligarium
1022 2988 1304 3055 improbum
1352 3009 1463 3040 esse
1517 3004 1568 3042 et
1621 2992 1824 3040 hostem.
1908 2988 2152 3038 Audierat
2192 2991 2381 3040 scilicet
2423 2996 2594 3060 paucis
2642 3005 2756 3043 ante

296 3076 547 3126 mensibus
605 3073 861 3123 dicentem
908 3086 1000 3134 pro
1058 3068 1316 3118 Marcello.
1331 3077 1360 3098 “
1437 3071 1692 3122 Plutarchi
1748 3070 1903 3120 verba
1955 3079 2073 3119 sunt
2124 3073 2233 3129 (vit.
2302 3071 2462 3126 Cicer.
2531 3091 2574 3125 c.
2630 3074 2756 3139 36.):

300 3160 453 3209 Λίγεται
480 3159 519 3196 δὲ
545 3156 607 3196 καὶ
631 3155 790 3195 Κοΐντου
816 3151 998 3204 Λιγαρίου
1025 3151 1127 3200 δίκην
1155 3150 1361 3203 φεύγοντος,
1397 3153 1456 3195 ὅτι
1493 3156 1566 3195 τῶν
1602 3156 1790 3206 Καίσαρος
1824 3153 2002 3202 πολεμίων
2039 3149 2088 3199 εἷς
2125 3151 2283 3203 ἐγεγόνει
2318 3154 2379 3193 καὶ
2410 3154 2617 3205 Κικέρωνος
2652 3152 2755 3206 αὐτῷ’

310 3259 373 3302 16)
410 3259 513 3295 Cous.
540 3259 650 3304 Rugii
677 3256 838 3293 Lucubr.
864 3267 902 3301 p.
930 3268 968 3301 9.
996 3260 1035 3290 et
1061 3254 1206 3294 Weisk.
1234 3261 1430 3293 comment.
1457 3265 1496 3300 p.
1524 3254 1589 3299 43.
1616 3264 1669 3300 sq.

304 3318 368 3361 17)
404 3316 460 3354 cf.
484 3316 613 3351 Jacobi
638 3315 758 3354 libell.
785 3326 824 3362 p.
852 3314 914 3360 24.
941 3326 997 3363 sq.
1837 3366 1840 3369 Δ

301 3377 365 3419 28)
393 3373 483 3410 Vid-
514 3384 564 3408 or·
577 3385 642 3421 pro
656 3374 765 3409 Mare.
777 3385 808 3409 e.
825 3381 883 3412 ιι.
914 3373 1017 3417 „Sed
1031 3373 1129 3409 unde
1147 3379 1203 3409 eut
1220 3384 1313 3416 orna,
1326 3375 1364 3409 iu
1377 3373 1509 3409 eodem
1524 3373 1740 3408 terminetur
1757 3372 1890 3407 oratio.
1910 3370 2091 3405 maximas
2116 3369 2189 3404 tibi
2212 3380 2336 3403 omnes
2358 3370 2490 3415 gratian
2503 3370 2665 3416 agimus“
2689 3378 2762 3407 etc·
