3007 3888
398 102 418 123 ὸ

234 119 371 187 Χιν

630 183 650 215 ζδ

247 267 502 317 Maximus
536 265 716 314 eodem
746 265 918 325 modo,
963 283 1120 333 quem
1170 267 1224 315 in
1273 264 1617 331 superioribus
1665 268 1907 332 exemplis
1959 268 2400 336 deprehendimus,
2453 273 2714 324 immutata

247 350 430 417 repetit
462 347 499 409 1,
543 365 580 395 1.
652 347 950 414 „Syracusis
983 348 1256 415 Dionysius
1289 346 1484 414 genitus
1517 353 1593 392 tot
1625 343 1880 411 sacrilegia
1913 362 2017 405 sua,
2030 359 2158 416 quot
2177 352 2277 402 iam
2292 356 2712 426 recognoscimus3

246 431 423 480 iocosis
459 428 605 478 dictis
638 430 879 497 prosequi
914 431 1182 496 voluptatis
1217 429 1326 477 loco
1361 425 1521 475 duxit.
1557 425 1699 472 Fano
1735 426 1872 474 enim
1903 427 2233 495 Proserpinae
2266 434 2476 501 spoliato
2517 437 2707 498 Locris,

247 527 409 578 quum
441 527 535 578 per
569 509 731 560 altum
765 510 990 561 secundo
1024 519 1173 560 vento
1207 509 1357 558 classe
1390 505 1672 563 veheretur,
1696 503 1866 553 ridens
1900 506 2087 566 amicis,
2123 509 2412 575 Videtisne,
2441 517 2524 576 ait,
2559 534 2713 586 quam

247 591 378 640 bona
413 594 673 658 navigatio
709 592 772 640 ab
808 596 932 659 ipsis
964 593 1064 641 diis
1097 587 1459 639 immortalibus
1492 585 1760 650 sacrilegis
1794 585 2095 635 tribuatur?
2143 588 2382 643 Detracto
2417 596 2566 645 etiam
2596 598 2710 647 Jovi

250 672 494 738 Olympio
527 673 694 738 magni
730 671 970 738 ponderis
1004 687 1157 720 aureo
1190 667 1420 726 amiculo,
1457 682 1560 732 quo
1595 682 1712 713 eum
1735 666 2006 731 Tyrannus
2041 668 2222 727 Hiero,
2258 686 2285 718 e
2319 674 2569 725 manubiis
2592 676 2712 726 Car.

247 751 642 819 thaginiensium
677 760 955 810 ornaverat,
1002 752 1286 817 iniectoque
1330 749 1374 797 ei
1415 746 1561 795 laneo
1600 745 1765 813 palli0‚
1810 744 1951 805 dixit,
2006 758 2199 797 aestate
2238 766 2393 815 grave
2435 757 2710 805 amiculum

250 851 469 880 aureum
504 850 634 889 esse,
676 831 835 878 hieme
863 829 1158 895 frigidum:
1211 829 1413 877 laneum
1466 838 1634 877 autem
1682 827 1750 875 ad
1791 837 2066 894 utrumque
2118 840 2313 897 tempus
2357 836 2483 880 anni
2521 838 2706 900 aptius.

249 912 396 961 Idem
429 911 674 978 Epidauri
709 908 1010 975 Aesculapio
1043 908 1255 957 barbam
1289 927 1492 957 auream
1527 907 1658 956 demi
1690 908 1850 956 iussit:
1888 907 2029 974 quod
2060 907 2346 971 affirmaret,
2381 930 2485 961 non
2535 931 2707 964 conve-

251 998 380 1051 nire,
409 1004 607 1060 patrem
625 991 913 1055 Apollinem
946 989 1235 1047 imberbem,
1272 993 1437 1055 ipsum
1470 988 1736 1036 barbatum
1769 991 2006 1054 conspici.
2047 988 2190 1038 Idem
2222 1009 2417 1042 mensas
2452 1005 2707 1060 argenteas

252 1084 403 1140 atque
439 1089 611 1120 aureas
649 1089 674 1118 e
709 1069 836 1116 fanis
869 1068 1101 1116 sustulit:
1140 1069 1383 1134 quodque
1421 1071 1473 1117 in
1509 1069 1584 1117 his
1618 1088 1758 1118 more
1777 1070 2015 1119 Graeciae
2048 1072 2292 1137 scriptum
2327 1075 2705 1132 erat,bonorum

251 1157 461 1205 deorum
496 1171 582 1201 eas
615 1170 745 1209 esse,
782 1152 860 1198 uti
892 1166 947 1197 se
981 1149 1206 1198 bonitate
1224 1167 1400 1197 eorum
1417 1148 1740 1216 praedicavit.
1775 1149 1918 1199 Idem
1952 1151 2182 1200 victorias
2216 1170 2390 1201 aureas
2426 1164 2475 1202 et
2508 1165 2702 1222 pateras

252 1247 301 1284 et
336 1251 555 1291 coronas,
593 1250 720 1299 quae
755 1231 1148 1279 simulacrorum
1187 1231 1433 1296 porrectis
1477 1230 1710 1279 manibus
1755 1231 2143 1292 sustinebantur,
2183 1233 2390 1282 tollebat
2435 1245 2484 1283 et
2527 1254 2607 1284 eas
2650 1257 2705 1286 se

250 1318 501 1382 accipere,
537 1331 640 1361 non
697 1311 942 1379 auferre,
979 1310 1201 1358 dicebat:
1254 1329 1503 1377 perquam
1555 1311 1770 1358 stultum
1817 1330 1926 1361 esse
1975 1314 2382 1379 argumentando,
2433 1334 2465 1363 a
2517 1317 2705 1383 quibus

248 1396 377 1442 bona
409 1409 759 1459 precaremur,
795 1391 858 1438 ab
909 1391 989 1438 his
1017 1391 1404 1455 porrigentibus
1437 1393 1571 1438 nolle
1604 1399 1869 1438 sumere.“
1901 1393 2036 1458 Ergo
2078 1394 2203 1441 nihil
2246 1404 2318 1443 cst
2367 1396 2698 1455 verisimilius,

249 1492 416 1540 quam,
453 1472 592 1539 quod
625 1489 774 1536 supra
809 1471 1087 1528 statuimus,
1121 1470 1383 1520 Valerium
1426 1480 1539 1519 ante
1588 1471 1761 1520 oculos
1822 1471 2053 1522 habuisse
2107 1476 2353 1525 orationes
2401 1492 2494 1542 pro
2552 1476 2702 1525 domo

250 1565 299 1603 et
333 1554 395 1603 de
430 1552 762 1617 Haruspicum
797 1550 1061 1616 responsis.

375 1653 420 1682 2.
491 1632 736 1680 Ascomus
769 1633 1015 1678 PEmANus
1060 1632 1338 1680 orationem
1384 1633 1447 1681 de
1491 1632 1828 1698 Haruspicum
1871 1636 2151 1700 responsis,
2199 1647 2255 1684 ut
2305 1637 2696 1699 Ciceronianam,

244 1716 416 1765 laudat
450 1716 503 1762 in
537 1713 817 1761 Comment.
855 1712 920 1759 ad
956 1712 1213 1778 quoddam
1247 1714 1424 1779 fragm.
1461 1732 1534 1761 or.
1570 1729 1663 1778 pro
1707 1712 1761 1759 C.
1805 1711 2040 1760 Cornelio
2094 1716 2174 1775 (T.
2219 1716 2305 1764 VI.
2351 1716 2468 1765 edit.
2521 1720 2699 1768 Graev.

243 1818 293 1867 p.
328 1799 482 1863 961.):
518 1797 581 1846 P.
617 1793 912 1861 Africanus
947 1794 1030 1840 ille
1065 1797 1300 1860 superior
1333 1812 1435 1842 non
1455 1796 1618 1842 solum
1638 1813 1669 1843 a
1702 1798 2086 1861 sapientissimis
2114 1795 2418 1856 hominibus,
2454 1803 2546 1865 qui
2597 1810 2702 1848 tum

246 1891 414 1936 erant,
448 1896 630 1926 verum
665 1880 815 1924 etiam
849 1895 880 1923 a
914 1894 968 1923 se
1002 1879 1132 1942 ipso,
1167 1894 1316 1942 saepe
1350 1886 1625 1923 accusatus
1655 1885 1751 1933 est,
1787 1877 1943 1942 quod,
1985 1893 2142 1943 quum
2180 1877 2373 1925 Consul
2405 1889 2537 1927 esset
2587 1897 2702 1928 cum

250 1964 309 2010 T.
345 1962 547 2024 Longo,
580 1974 769 2024 passus
804 1967 936 2003 esset
970 1966 1077 2003 tum
1105 1959 1328 2022 primum
1363 1975 1394 2003 a
1424 1957 1665 2022 populari
1693 1972 1936 2003 consessu
1969 1959 2226 2004 senatoria
2267 1957 2508 2006 subsellia
2560 1977 2700 2026 sepa-

248 2046 372 2091 rari.
407 2041 489 2088 Ad
524 2039 660 2086 hunc
698 2038 953 2086 Ciceronis
986 2037 1156 2084 locum
1189 2037 1447 2093 Asconius,
1477 2045 1744 2103 postquam
1777 2052 1839 2082 ex
1879 2035 2081 2085 Valerio
2116 2036 2328 2097 Antiate,
2363 2041 2516 2087 veteri
2552 2039 2701 2089 histo-

244 2125 367 2182 rico,
403 2122 592 2169 notavit
626 2136 836 2175 annum,
873 2133 976 2183 quo
1011 2117 1094 2163 illa
1127 2116 1336 2162 Senatus
1370 2114 1726 2163 subselliorum
1760 2114 1969 2161 secretio
2002 2114 2132 2163 facta
2161 2127 2300 2179 esset,
2335 2117 2464 2167 hanc
2494 2120 2697 2170 subiicit

243 2205 634 2253 annotationem:
668 2198 919 2257 „Videtur
952 2198 1006 2244 in
1039 2197 1132 2245 hac
1166 2199 1405 2254 oratione,
1442 2194 1578 2242 hunc
1617 2193 1828 2260 quidem
1861 2196 2410 2258 auctoremWalerium
2424 2198 2699 2268 Antiatem)

241 2292 499 2351 sequutus,
538 2280 716 2328 Cicero
753 2277 950 2348 dixisse,
980 2294 1192 2344 passum
1225 2294 1334 2324 esse
1371 2274 1659 2342 Scipionem
1691 2273 1884 2321 secerni
1919 2290 1947 2320 a
1982 2281 2149 2322 cetero
2170 2290 2401 2325 consessu
2420 2280 2701 2344 spectacula

242 2368 565 2421 Senatorum3
601 2362 654 2409 in
690 2377 746 2407 ea
780 2367 963 2416 autem,
1001 2374 1155 2424 quam
1188 2366 1298 2423 post
1332 2356 1528 2422 aliquot
1561 2371 1716 2403 annos
1751 2354 1928 2403 habuit
1961 2354 2026 2404 de
2061 2356 2399 2421 Haruspicum
2444 2375 2697 2425 responso,

241 2466 347 2496 non
377 2461 585 2512 passum
618 2459 727 2490 esse
762 2440 1061 2506 Scipionem,
1097 2437 1185 2486 sed
1221 2439 1385 2504 ipsum
1419 2444 1680 2484 auctorem
1707 2434 1891 2501 fuisse
1922 2434 2077 2484 dandi
2123 2453 2242 2485 eum
2284 2437 2454 2487 locum
2496 2438 2698 2490 Senato-

241 2527 398 2583 ribus‚
432 2523 635 2572 videtur
670 2519 962 2587 significare.
997 2518 1167 2569 Verba
1202 2519 1308 2566 eius
1343 2517 1466 2565 haec
1500 2524 1637 2564 sunt:
1675 2515 1812 2564 Nam
1849 2515 1979 2581 quid
1994 2532 2090 2580 ego
2110 2516 2173 2563 de
2192 2516 2460 2566 illis.ludis
2494 2519 2696 2586 loquar,

240 2624 370 2675 quos
415 2608 470 2654 in
514 2603 717 2652 Palatio
767 2603 932 2648 nostri
969 2600 1196 2648 Maiores
1238 2608 1355 2646 ante
1407 2597 1644 2662 templum
1684 2595 1873 2644 Matris
1920 2596 2145 2660 Magnae
2175 2595 2306 2660 fieri
2349 2598 2697 2667 celebrarique

240 2682 550 2737 voluerunt?
585 2679 787 2747 Quibus
814 2680 1037 2744 primum
1067 2678 1204 2725 ludis
1239 2687 1356 2725 ante
1384 2677 1566 2743 populi
1610 2692 1905 2724 consessum
1950 2674 2169 2725 Senatui
2212 2676 2380 2725 locum
2431 2679 2492 2727 P.
2544 2680 2695 2747 Afri-

238 2787 399 2819 canus
429 2771 613 2816 iterum
635 2762 747 2812 Cos.
786 2760 872 2808 ille
892 2760 1062 2808 Maior
1094 2758 1246 2811 dedit.
1271 2777 1296 2806 *
1335 2778 1361 2807 ,ιε
1399 2760 1482 2821 23)
1517 2757 1612 2807 hoc
1634 2756 1885 2805 tributum
1919 2773 2021 2805 esse
2040 2756 2242 2807 Senatui
2261 2757 2450 2818 scribit,
2468 2759 2556 2809 sed
2588 2762 2694 2811 sine

238 2850 491 2899 mentione
506 2842 886 2910 Megalensium,
921 2839 1125 2888 Aediles
1148 2840 1282 2888 enim
1317 2857 1399 2889 eos
1415 2839 1563 2888 ludos
1582 2839 1747 2888 facere
1763 2838 1894 2888 soliti
1929 2847 2100 2902 erant3
2135 2840 2313 2890 votivis
2347 2839 2481 2890 ludis
2502 2840 2694 2892 factum

239 2930 404 2988 tradit,
440 2945 567 2995 quos
601 2926 767 2992 Scipio
802 2933 851 2972 et
883 2927 1035 2989 Long.
1082 2920 1216 2970 Coss.
1252 2920 1533 2970 fecerunt.“

366 3011 508 3068 „Non
542 3006 815 3073 praeterire
849 3014 1018 3051 autem
1050 3019 1139 3050 vos
1173 3001 1302 3059 volo,
1338 3019 1442 3049 esse
1477 3003 1720 3050 oratoriae
1764 3001 2062 3061 calliditatis,
2107 3011 2178 3062 ut,
2221 3020 2384 3070 quum
2434 3022 2561 3072 opus
2614 3007 2691 3066 sit,

241 3088 425 3137 eisdem
457 3089 608 3136 rebus
643 3087 705 3135 ab
742 3096 960 3152 utraque
993 3090 1136 3150 parte
1171 3081 1252 3129 vel
1287 3102 1314 3130 a
1343 3085 1606 3133 contrariis
1641 3093 1860 3133 utantur.
1895 3084 2022 3134 Nam
2056 3102 2219 3152 quum
2253 3086 2536 3136 secundum
2555 3087 2692 3136 Cice·

262 3271 332 3313 23)
359 3269 419 3314 Sic
444 3269 672 3306 scribendum
699 3271 847 3306 videtur
874 3283 941 3317 pro
964 3272 1042 3312 Cos.
1059 3281 1097 3310 et
1118 3275 1255 3322 collega
1271 3275 1343 3310 eius
1359 3272 1585 3322 Sempronius
1614 3275 1772 3323 Longus,
1821 3273 1965 3311 Nomen
1991 3275 2182 3323 scriptoris
2203 3275 2393 3313 cuiusdam
2421 3286 2505 3311 cum
2531 3270 2686 3311 Antiate

342 3336 419 3362 non
445 3328 704 3365 consentientis
731 3328 971 3373 desideratur.
