3007 3888
2213 43 2245 70 ,
2436 56 2444 62 .

1601 146 1646 179 e,
1839 133 1847 135 ⁴
2267 178 2301 214 .
2500 92 2529 128 ὁ
2554 98 2704 173 XII-f

219 261 543 315 dictumest,
578 252 874 321 appellatam
905 250 1091 302 fidem“
1123 259 1225 311 22).
1260 250 1387 301 Nam
1422 248 1564 318 quod
1599 236 1779 300 Cicero
1815 249 1917 315 ipse
1952 249 2005 297 in
2038 246 2132 298 hoc
2168 258 2337 316 etymo
2371 248 2581 311 iocatur,
2615 252 2683 302 ad

186 343 189 349 '
227 334 562 394 Famitxxvl,
587 349 676 392 10.,>
685 331 741 382 id
763 331 890 381 nihil
909 331 1126 383 detrahit
1144 338 1346 385 nostrae
1360 331 1648 388 sententiae,
1666 326 1756 377 sed
1774 327 2078 378 luculentius
2092 328 2328 392 declarat,
2352 329 2416 382 de
2432 329 2680 382 industria

220 435 344 472 eum
376 418 428 467 in
462 412 803 468 notationibus
838 413 1201 465 vocabulorum
1234 413 1495 465 interdum
1521 411 1735 484 'solitum
1754 425 1871 462 ,esse
1905 409 2127 477 leporem
2160 420 2355 463 tantum
2400 430 2459 463 ac
2491 412 2683 464 festivi-

225 505 379 549 tatem
411 504 648 564 spectare.
717 494 938 545 Omnino
977 504 1148 545 autem
1189 493 1322 544 illud
1358 501 1537 541 notum
1571 498 1657 550 est,
1691 499 1920 543 veterum
1953 491 2258 552 notationes,
2293 510 2447 561 quam
2479 511 2624 562 saepe
2650 513 2680 544 a
2729 526 2758 558 ο

223 595 345 629 vero
378 574 652 635 discedant,
684 593 746 626 ex
779 575 967 644 quibus
1001 575 1086 624 illa
1120 582 1207 631 est,
1239 575 1379 636 (nam
1412 572 1530 622 alias
1550 572 1794 621 mittimus
1816 571 1910 621 hoc
1930 573 2173 638 tempore)
2208 589 2307 639 qua
2327 566 2680 625 tlistamentum

222 657 460 707 dicebant
493 673 595 706 esse
624 660 942 705 testationem
974 657 1177 712 mentis,
1212 662 1389 703 eontra
1423 654 1563 720 quod
1597 656 1819 721 apposite
1855 654 2125 712 Gesnerus,
2160 653 2228 702 ad
2262 672 2373 703 eam
2393 657 2678 706 similitudi-

223 756 341 787 nem
374 754 578 790 necesse
605 754 726 794 esse,
761 744 826 783 ut*
838 733 1234 783 calceamentum
1267 735 1331 783 sit
1364 735 1568 786 calceus
1600 739 1809 785 mentis!
1840 735 1942 785 Sed
1974 735 2239 785 redeamus
2273 735 2338 785 ad
2365 739 2677 804 propositum

223 827 466 866 nostrum.
500 817 614 865 Non
646 815 850 863 videtur
884 832 1003 880 ergo
1038 814 1322 880 quidquam
1355 816 1509 864 iustae
1544 816 1869 867 dubitationis
1903 816 2118 874 habere,
2155 819 2282 882 quin
2317 817 2495 866 Cicero
2530 820 2677 866 etiam

223 896 272 945 h.
309 896 340 943 l.
376 893 780 959 acl-aequitatem,
807 894 1039 960 supplicii
1074 893 1315 953 alludere,
1351 903 1401 942 et
1441 913 1660 961 aequum
1707 895 1760 942 in
1795 897 2136 961 Aequimaelii
2182 898 2386 944 nomine
2429 898 2676 962 argutius,

223 995 380 1044 quam
429 976 620 1035 verius,
664 992 758 1042 pro
791 976 983 1023 iustum
1015 976 1241 1043 accipere
1275 976 1507 1042 potuerit.
1574 974 1769 1024 Deinde
1804 974 1868 1023 ad
1904 993 1976 1024 or.
2017 975 2083 1024 de
2117 976 2327 1043 Harusp.
2367 977 2515 1043 Resp.
2552 995 2594 1026 c.
2628 996 2676 1042 9.

223 1058 567 1121 Pontificatus
614 1066 837 1115 notatur,
890 1066 1061 1123 utpote
1112 1057 1277 1105 dictus
1318 1074 1412 1123 pro
1463 1058 1775 1121 Pontificum
1835 1061 2082 1115 scientia,
2135 1066 2185 1105 et
2235 1061 2537 1124 Augurium
2583 1078 2677 1128 pro

219 1140 438 1186 scientia
468 1138 738 1202 augurali.
783 1137 850 1184 At
884 1147 1018 1184 recte
1053 1138 1308 1186 Gesnerus
1341 1147 1532 1195 monet,
1583 1139 1953 1201 Pontificatum
1997 1138 2044 1185 h.
2086 1139 2120 1185 l·
2155 1140 2275 1205 poni
2329 1157 2423 1204 pro
2468 1158 2679 1189 munere

224 1221 556 1285 Pontificum,
592 1237 733 1289 quae·
757 1218 975 1285 vulgaris
1011 1228 1083 1268 est
1117 1218 1407 1286 significatio
1440 1217 1589 1267 huius
1622 1217 1882 1279 vocabuli3
1928 1219 2047 1267 item
2079 1223 2361 1285 augurium
2394 1238 2498 1270 non
2535 1222 2680 1271 aliter

221 1301 271 1350 h.
307 1302 340 1354 l.
373 1302 593 1367 ponitur,
628 1317 686 1349 ac
719 1299 784 1348 de
820 1298 918 1347 Off.
953 1299 1041 1359 III,
1085 1301 1154 1347 16.
1207 1299 1419 1363 „Quum
1462 1300 1514 1347 in
1557 1315 1671 1346 arce
1706 1299 1976 1364 augurium
2009 1299 2237 1365 Augures
2272 1302 2432 1352 acturi
2467 1287 2679 1350 essent.“

224 1382 284 1430 In
318 1381 654 1448 sequentibus,
676 1381 920 1447 fatorum
952 1391 1152 1429 veteres
1180 1382 1556 1446 praedictiones
1580 1381 1836 1446 Apollinis
1860 1390 2040 1429 vatum
2057 1381 2223 1438 libris,
2258 1381 2413 1429 verba
2432 1383 2679 1448 fatorum

223 1471 423 1510 veteres
454 1470 661 1528 propter
694 1462 1081 1510 concinnitatem
1112 1462 1325 1508 maxime
1360 1460 1553 1508 adiecta
1599 1469 1738 1517 sunt,
1794 1469 1850 1507 ut
1901 1459 2049 1508 huius
2099 1462 2360 1512 commatis
2413 1461 2678 1528 longitudo

229 1542 405 1591 eadem
439 1542 544 1590 fere
580 1552 718 1600 esset,
751 1542 1199 1608 ac‘praecedentis.
1235 1542 1467 1588 Attamen
1502 1539 1636 1587 haec·
1659 1541 1802 1604 copia
1835 1540 1938 1603 ipsa
1971 1557 2073 1586 non
2107 1549 2180 1588 est
2211 1541 2567 1606 vituperanda3
2617 1543 2679 1593 si-

227 1623 436 1689 quidem
466 1623 666 1670 nullum
701 1633 773 1670 est
804 1622 1040 1680 verbum,
1078 1620 1218 1687 quod
1250 1638 1456 1685 prorsus
1490 1619 1728 1677 abundet,
1763 1636 1820 1666 ac
1856 1619 2051 1668 nullam
2080 1621 2185 1667 vim
2217 1619 2408 1669 habeat-

353 1702 536 1752 Valerii
570 1703 723 1750 verba
756 1703 999 1750 nonnulla
1032 1702 1249 1768 speciem
1283 1700 1704 1766 interpretationis
1739 1698 1937 1756 habent,
1974 1699 2141 1749 iudice
2167 1700 2367 1758 Becho,
2405 1703 2549 1750 cuius
2569 1720 2678 1751 sen-

228 1784 408 1831 tentiae
443 1782 742 1846 suffragatur
774 1783 990 1829 aliorum
1023 1782 1277 1838 locorum,
1312 1781 1401 1845 qui
1437 1780 1587 1827 sumti
1620 1788 1738 1825 sunt
1771 1797 1833 1826 ex
1867 1779 2021 1826 Tullii
2057 1780 2223 1838 libris,
2279 1778 2682 1834 accurata'com-

228 1862 432 1930 paratio.
450 1861 628 1910 Cicero
647 1862 795 1920 enim,
817 1871 873 1908 ut
903 1879 1065 1908 unum
1089 1859 1351 1909 afferamus
1369 1858 1669 1925 exemplum,
1704 1857 1767 1905 de
1787 1861 1890 1904 Nat.
1928 1860 2078 1913 Deor.
2105 1861 2193 1919 III,
2218 1862 2296 1922 34.
2330 1864 2419 1910 ait:
2453 1865 2682 1931 „Diony-

229 1945 346 2001 sius,
379 1959 541 2009 quum
573 1941 749 1990 fanum
782 1943 1107 2007 Proserpinae
1141 1941 1317 1991 Locris
1360 1940 1686 2006 expilavisset,
1720 1940 1979 2005 navigabat
2012 1943 2303 2006 Syracusas3
2339 1946 2481 2011 isque
2518 1964 2682 2012 quum

230 2020 591 2070 secundissimo
625 2029 774 2068 vento
808 2037 1015 2068 cursum
1048 2028 1255 2079 teneret,
1291 2019 1484 2078 ridenS,
1520 2022 1793 2079 videtisne,
1844 2023 2033 2088 inquit,
2087 2027 2265 2082 amici,
2299 2043 2456 2092 quam
2487 2026 2618 2074 bona
2651 2047 2684 2075 a

234 2103 333 2151 diis
367 2100 736 2150 immortalibus
768 2103 1023 2164 navigatio
1057 2100 1325 2165 sacrilegis
1356 2101 1540 2149 detur?
1574 2104 1741 2170 Atque
1775 2103 1925 2153 homo
1959 2114 2151 2163 acutus,
2188 2123 2349 2172 quum
2370 2105 2499 2155 bene
2518 2107 2686 2173 plane-

233 2200 332 2250 que
349 2182 662 2249 percepisset,
698 2182 750 2228 in
769 2180 944 2229 eadem
966 2181 1210 2229 sententia
1226 2181 1599 2247 perseverabat:
1634 2183 1738 2249 qui,
1775 2200 1936 2248 quum
1961 2182 2026 2230 ad
2042 2182 2445 2249 Peloponnesum
2478 2186 2686 2237 classem

232 2263 516 2330 appulisset,
552 2270 601 2309 et
629 2262 680 2308 in
713 2261 888 2309 fanum
920 2263 1134 2310 venisset
1166 2262 1296 2310 Iovis
1332 2262 1571 2329 Olympii,
1607 2279 1819 2309 aureum
1853 2262 1896 2308 ei
1932 2260 2147 2309 detraxit
2177 2263 2466 2323 amiculum,
2498 2265 2685 2331 grandi

231 2341 477 2410 pondere,
526 2358 628 2407 quo
661 2344 828 2389 Iovem
861 2350 1063 2389 ornarat
1094 2358 1156 2389 ex
1171 2341 1420 2389 manubiis
1440 2341 1923 2407 Carthaginiensium
1956 2349 2200 2406 tyrannus
2239 2343 2395 2402 Gelo,
2438 2354 2589 2411 atque
2633 2348 2686 2397 in

231 2441 294 2473 eo
328 2423 478 2471 etiam
510 2421 765 2470 cavillatus
796 2429 881 2478 est,
916 2430 1108 2468 aestate
1139 2438 1293 2485 grave
1326 2438 1435 2469 esse
1456 2437 1671 2469 aureum
1688 2421 1987 2478 amiculum,
2022 2421 2183 2470 hieme
2202 2422 2500 2488 frigidum,·
2536 2428 2683 2493 eique

233 2504 435 2554 laneum
467 2501 678 2571 pallium
702 2501 884 2560 iniecit,
920 2517 1082 2568 quum
1114 2501 1169 2550 id
1197 2518 1307 2550 esse
1340 2503 1410 2551 ad
1440 2518 1583 2550 omne
1615 2501 1741 2548 anni
1774 2509 1971 2566 tempus
2003 2499 2209 2549 diceret.
2246 2501 2492 2570 Idemque
2506 2508 2686 2557 Aescu-

233 2584 350 2652 lapii
384 2583 630 2652 Epidauri
658 2582 868 2632 barbam
901 2599 1104 2631 auream
1137 2581 1269 2630 demi
1305 2583 1471 2645 iussit3
1523 2599 1688 2649 neque
1733 2583 1866 2630 enim
1908 2584 2206 2640 convenire,
2256 2582 2525 2635 barbatum
2572 2603 2685 2638 esse

218 2666 414 2731 filium,
450 2683 609 2732 quum
643 2668 700 2714 in
735 2663 966 2712 omnibus
980 2665 1137 2730 fanis
1157 2674 1307 2726 pater
1341 2663 1575 2714 imberbis
1607 2673 1753 2712 esset.
1815 2664 1930 2712 Jam
1977 2680 2172 2714 mensas
2221 2674 2481 2732 argenteas
2523 2664 2588 2714 de
2635 2684 2688 2715 o-

231 2747 431 2798 mnibus
454 2747 680 2797 delubris
698 2748 838 2796 iussit
859 2747 1079 2809 auferri;
1116 2749 1167 2796 in
1190 2747 1375 2815 quibus
1411 2744 1550 2814 quod
1581 2761 1724 2795 more
1756 2746 1936 2794 veteris
1957 2745 2195 2797 Graeciae
2213 2747 2511 2812 inscriptum
2542 2757 2687 2807 esset,

229 2830 477 2879 bonorum
504 2831 738 2887 deorum,
771 2833 853 2878 uti
884 2847 940 2878 se
974 2848 1151 2879 eorum
1183 2830 1406 2880 bonitate
1436 2826 1569 2878 velle
1611 2827 1825 2878 dicebat.
1896 2827 2038 2879 Idem
2082 2827 2364 2878 victoriolas
2415 2844 2591 2878 aureas
2638 2837 2689 2877 et

228 2918 418 2976 pateras
469 2925 792 2974 coronasque,
848 2925 977 2974 quae
1013 2908 1401 2959 simulacrorum
1433 2911 1678 2977 porrectis
1709 2909 1939 2959 manibus
1973 2909 2363 2967 sustinebantur,
2399 2909 2504 2957 sine
2539 2908 2689 2958 dubi-

229 2990 413 3041 tatione
433 2989 664 3051 tollebat3
700 3003 881 3055 easque
914 3007 969 3038 se
990 2993 1244 3057 accipere,
1266 3009 1372 3041 non
1391 2992 1605 3060 auferre
1639 2992 1860 3042 dicebat:
1896 3010 2006 3041 esse
2024 2993 2159 3040 enim
2192 2991 2480 3047 stultitiam,
2515 3009 2548 3041 a
2575 2993 2693 3057 qui-

232 3072 329 3126 bus
372 3071 503 3125 bona
530 3088 882 3139 precaremur,
918 3071 981 3121 ab
1013 3074 1082 3122 iis
1108 3074 1499 3140 porrigentibus
1533 3083 1585 3124 et
1616 3067 1858 3126 dantibus
1889 3073 2024 3124 nolle
2043 3089 2257 3124 sumere.
2293 3069 2439 3135 Quae
2459 3069 2693 3126 Valerius

237 3225 302 3268 22)
343 3224 399 3262 Cf.
428 3224 554 3271 fragm.
584 3223 629 3257 de
659 3225 813 3270 Republ.
841 3225 903 3259 IV.
946 3223 1045 3270 apud
1084 3225 1246 3260 Nonium
1282 3237 1309 3259 s.
1349 3236 1387 3263 v.
1420 3225 1543 3268 Fiden
1585 3228 1625 3258 et
1660 3223 1707 3258 ad
1740 3224 1841 3262 Fam.
1874 3222 1970 3266 XVI,
2001 3230 2061 3260 10.
2089 3220 2194 3257 Adde
2227 3222 2268 3255 in
2294 3220 2401 3258 Verr.
2429 3221 2461 3264 1,
2489 3220 2554 3260 116.
2592 3221 2694 3264 „Atii

336 3283 527 3331 negabunt
549 3282 753 3319 mirandum
781 3295 871 3326 esse,
900 3284 1033 3319 iustam
1060 3294 1222 3332 nequam
1246 3295 1325 3319 esse
1352 3284 1566 3318 Verrinam:
1595 3283 1662 3319 alii
1686 3284 1798 3318 etiam
1824 3281 2032 3329 frigidiores
2059 3285 2186 3326 erant3
2229 3278 2317 3326 sed,
2357 3280 2463 3328 quiav
2483 3278 2692 3314 stomacha-

337 3343 486 3386 bantur,
514 3343 660 3379 ridiculi
684 3342 905 3379 videbantur
930 3353 1031 3386 esse,
1076 3354 1190 3390 quum
1218 3342 1453 3378 Sacerdotem
1480 3341 1766 3384 execrabantur,
1801 3343 1867 3389 qui
1893 3342 2044 3378 Verrem
2069 3346 2146 3377 tam
2172 3351 2335 3389 nequam
2362 3338 2614 3388 reliquissets‘
2653 3341 2692 3371 et

336 3412 403 3446 pro
434 3402 579 3443 cluent.
606 3416 635 3439 c.
664 3402 726 3444 26.
753 3403 932 3447 „Guttam
960 3402 1144 3450 adspergit
1170 3402 1257 3439 huic
1283 3402 1449 3449 Bulboef
1477 3403 1516 3438 in
1543 3401 1649 3442 verr.
1675 3403 1723 3446 ΙΙ,
1751 3403 1790 3443 6.
1806 3401 1856 3440 ²1·
