3007 3888
2472 0 2546 26 v
2614 0 2646 19 ,v
2671 0 2679 19 ·.
2728 19 2749 31 .,
2772 38 2787 55 .
2880 0 3007 60 Ἥ

2427 87 2429 89 ’
2509 116 2697 181 ass-x
2725 77 2837 186 'Q'

257 269 309 308 et
334 256 536 324 cuique
559 251 627 303 de
658 250 768 301 suis,
792 218 1089 315 aequalibixs
1121 243 1244 300 fides
1276 243 1587 297 adhibeatur.
1624 244 1729 296 Sed
1758 263 1823 296 ne
1860 244 2095 314 cupidius
2129 251 2202 308 ea,
2235 254 2384 314 quae·
2400 244 2700 299 adversariis
2763 291 2779 302 .

256 339 312 387 in
330 331 671 386 :commodum
695 377 698 379 Α
719 336 950 378 nostrum
988 326 1070 375 vel
1113 325 1280 377 invitis
1319 323 1624 385 exciderint,
1673 326 1928 392 surripere
1958 324 2245 375 videamur:
2287 326 2430 392 agite,
2477 325 2693 377 rationes
2914 353 2947 402 5

259 421 425 476 etiam,
450 414 639 484 quibus
670 408 997 462 Marklandus
1021 417 1081 457 -et
1110 404 1327 465 Wolfius
1358 406 1467 457 fieri
1500 409 1719 476 potuisse
1753 416 1955 475 putant,
1999 415 2058 454 ut
2088 407 2190 455 veri
2227 406 2497 457 Ciceronis·-
2517 407 2700 457 oratio·
2759 414 2767 418 “

252 515 342 548 nes
374 513 496 546 cum
525 493 710 545 falsarii
744 487 1191 540 declamationibus
1223 483 1674 548 confunderentur,
1710 488 1977 556 diligenter
2009 489 2423 552 examinabimus,
2457 500 2521 550 et,
2547 508 2703 557 quam

254 577 528 646 probabilis
562 590 791 643 quaeque
824 572 901 629 sit,
935 574 1168 617 accurate
1199 562 1498 618 videbimus.
2086 582 2090 586 ⁴

347 697 350 700 ,
387 654 715 707 Marklandus
765 651 1052 702 orationum
1103 643 1469 696 confectionem
1516 649 1648 699 inter
1694 650 1889 700 editum
1934 649 2121 699 Valerii
2164 648 2354 698 librum
2398 660 2447 699 et
2497 653 2700 702 Asconii

258 737 662 796 commentarios,
695 733 777 783 vel
810 734 943 780 inter
973 744 1128 776 annos
1158 729 1219 778 U.
1253 728 1309 775 C.
1346 727 1456 795 786.
1492 737 1540 774 et
1574 731 1682 796 795.
1719 732 1878 797 ponit,
1913 737 1963 777 et
1994 731 2292 788 Asconium,
2329 731 2700 793 Quintilianum

255 818 578 885 reliquosque
610 820 758 861 testes
791 809 856 858 ab
885 825 1060 856 earum
1091 807 1349 875 scriptore,
1387 806 1451 855 de
1485 807 1729 857 industria
1761 810 2019 859 falsarium
2050 819 2248 877 agente,
2285 812 2337 859 in
2373 827 2597 860 errorem
2630 815 2703 861 in-

257 897 436 947 ductos
465 910 573 944 esse
608 898 777 941 censet
808 887 982 955 (praef.
1003 904 1054 954 p.
1073 888 1188 955 76.).
1209 886 1426 937 Wolfius
1459 897 1625 938 autem
1645 907 1760 940 raro
1776 891 2015 940 accidisse
2033 890 2310 939 arbitratur
2344 890 2520 957 (praef.
2545 892 2702 941 Marc.

254 995 304 1044 p.
341 977 455 1038 28.),
475 982 534 1021 ut
566 972 789 1020 imitator
807 970 1141 1027 scholasticus,
1177 968 1384 1017 edendis
1404 968 1586 1019 talibus
1618 972 1827 1038 scriptis,
1858 972 2033 1021 doctos
2065 971 2293 1020 homines
2326 971 2504 1020 ludere
2537 971 2701 1031 vellet,

255 1071 422 1122 neque
444 1071 554 1102 eam
569 1052 904 1119 suspicionem
921 1050 972 1097 in
988 1048 1125 1097 hunc
1158 1057 1481 1114 personatum
1516 1051 1814 1100 Ciceronem
1838 1052 2055 1112 cadere,
2101 1052 2191 1101 sed
2238 1069 2367 1120 quae
2403 1070 2432 1100 a
2465 1051 2700 1111 Pediano,

257 1133 570 1198 Quintiliano
585 1139 633 1179 et
649 1129 755 1178 aliis
778 1128 1051 1177 laudentur
1074 1126 1355 1193 orationes,
1384 1146 1488 1178 non
1508 1131 1714 1178 omnino
1734 1129 1932 1178 easdem
1949 1147 2066 1191 esse,
2103 1148 2227 1197 quas
2245 1129 2396 1179 hodie
2432 1129 2702 1179 habeamus

256 1215 311 1262 in
342 1213 575 1261 manibus
608 1213 674 1273 (v.
708 1209 863 1275 praef.
893 1209 972 1258 lV.
1008 1209 1166 1257 Oratt.
1200 1227 1250 1277 p.
1285 1211 1398 1274 39.).
1419 1198 1632 1260 ⁴Nostras
1666 1220 1834 1259 autem
1867 1211 2113 1258 orationes
2130 1212 2387 1277 aliquanto
2412 1220 2526 1259 ante
2550 1212 2703 1260 Asco-

257 1293 415 1358 nium,
452 1294 728 1359 imperante
751 1288 971 1347 Tiberio,
1005 1290 1209 1361 scriptas
1229 1307 1347 1349 esse,
1382 1289 1800 1340 verisimillimum
1815 1307 1919 1339 esse
1937 1289 2080 1339 ducit
2112 1290 2287 1356 (praef.
2309 1292 2466 1340 Marc.
2501 1309 2550 1358 p.
2581 1291 2702 1355 38.)‚

380 1371 583 1419 Nullam
621 1369 950 1418 Marklandus
992 1387 1192 1418 causam
1223 1370 1389 1428 affert,
1440 1389 1535 1419 cur
1577 1371 1709 1419 inter
1747 1367 1908 1416 editos
1960 1368 2146 1416 Valerii
2190 1377 2240 1416 et
2282 1369 2485 1418 Asconii
2536 1371 2694 1419 libros

260 1455 507 1504 orationes
541 1453 846 1517 conscriptas
876 1467 977 1498 esse
1010 1461 1259 1517 putemus,
1287 1453 1382 1500 nisi
1418 1469 1546 1517 quae
1580 1468 1745 1516 supra,
1780 1459 1838 1498 ut
1869 1451 2071 1515 opinor,
2107 1449 2320 1498 refutata
2353 1459 2440 1498 est.
2509 1450 2699 1515 Nempe

258 1533 678 1583 verisimillimum
710 1548 832 1590 esse,
866 1531 1096 1597 imperito
1130 1530 1450 1580 declamatori
1483 1531 1742 1597 placuisse,
1777 1529 1972 1597 aliquid
2003 1530 2256 1597 surripere
2290 1549 2318 1579 a
2351 1531 2575 1590 Valerio,
2607 1529 2699 1579 sed

257 1615 460 1680 vestigia
490 1613 639 1679 plagii
673 1611 980 1660 oblitterasse
1015 1610 1326 1659 immutanda
1358 1613 1577 1661 auctoris
1615 1614 1693 1660 sui
1743 1611 2015 1672 latinitate3
2068 1621 2333 1678 propterea
2364 1613 2506 1679 quod
2526 1613 2707 1660 melior

258 1694 444 1743 Valerii
479 1695 716 1752 latinitas,
753 1711 906 1759 quam
938 1695 1094 1741 nostri
1130 1695 1339 1742 oratoris
1370 1692 1617 1741 videatur.
1688 1692 1865 1754 Quum
1897 1709 2018 1741 vero
2059 1693 2297 1752 Beckius,
2347 1709 2542 1741 summo
2589 1693 2701 1740 iure

194 1775 440 1830 ,ha-eiecta
472 1773 756 1823 Marklandi
790 1774 1005 1831 ratione,
1047 1773 1113 1821 ad
1145 1791 1218 1821 or.
1253 1773 1316 1822 de
1350 1774 1566 1838 Harusp.
1595 1787 1722 1837 resp.
1758 1772 1791 1818 l.
1828 1771 1860 1818 l.
1881 1771 2093 1830 monuit,
2128 1771 2350 1820 fortassis
2385 1773 2618 1838 utrique,
2652 1780 2702 1820 et

255 1855 457 1906 Valerio
488 1863 538 1902 et
564 1863 758 1911 nostro,
809 1870 1135 1901 communem
1168 1853 1424 1918 quendam
1455 1852 1605 1900 fuisse
1637 1851 1841 1909 fontem,
1877 1851 2014 1899 unde
2032 1861 2284 1918 peterent:
2320 1855 2578 1901 mittamus
2600 1870 2706 1901 om-

255 1937 378 1984 nino
411 1936 685 1992 Valerium,
721 1943 770 1980 et
802 1933 1075 1990 videamus,
1110 1950 1174 1979 an
1193 1933 1422 1991 Asconio,
1457 1932 1544 1999 qui
1561 1934 1788 1999 proxime
1805 1935 2046 2002 sequitur,
2079 1935 2235 1985 verba
2252 1934 2416 1984 facere
2439 1933 2703 1983 fraudator

255 2016 434 2082 aliquis
467 2025 555 2064 aut
590 2014 818 2063 falsarius
850 2015 1084 2080 potuerit.

383 2095 585 2143 Asconii
616 2093 820 2142 Pediani
855 2095 1196 2142 annotationes
1240 2095 1306 2143 ad
1340 2096 1617 2144 orationem
1649 2111 1744 2161 pro
1785 2096 1975 2144 Scauro
2027 2105 2138 2161 post
2187 2113 2229 2144 a.
2266 2096 2328 2144 U.
2383 2097 2493 2162 795.
2548 2096 2704 2144 editas

256 2191 372 2233 esse,
410 2184 601 2223 constat
635 2192 697 2222 ex
731 2175 883 2241 ipsius
916 2175 1083 2222 verbis
1117 2174 1183 2222 ad
1215 2182 1258 2231 §.
1293 2177 1371 2236 45.
1455 2175 1714 2235 „Possidet
1760 2193 1869 2224 eam
1907 2175 2140 2237 (domum
2181 2177 2527 2240 Scaurianam)
2569 2194 2707 2225 nunc

254 2255 447 2322 Largus
498 2255 728 2313 Caecina,
778 2256 865 2321 qui
912 2255 1102 2304 Consul
1148 2255 1250 2304 -fuit
1293 2274 1411 2305 cum
1451 2255 1716 2305 Claudio.“
1764 2256 1970 2303 Etenim
2020 2257 2211 2323 Largus
2256 2256 2470 2306 Caecina
2515 2255 2705 2303 Consul

253 2335 351 2384 fuit
397 2351 515 2383 cum
557 2333 771 2382 Claudio
806 2335 1105 2400 imperatore
1141 2344 1190 2383 et
1233 2336 1451 2385 Consule
1492 2336 1554 2384 ΙΙ.
1600 2355 1643 2384 a.
1678 2337 1739 2385 U.
1775 2337 1884 2403 795.
1921 2336 2022 2385 Sed
2057 2346 2249 2386 constat
2283 2338 2433 2384 etiam
2453 2353 2514 2383 ex
2535 2344 2704 2383 annot.

252 2415 319 2465 ad
349 2432 421 2464 or.
457 2430 550 2480 pro
585 2414 640 2463 C.
678 2414 847 2472 Corn„
883 2431 925 2462 c.
969 2432 1024 2479 ι,
1052 2413 1271 2463 eundem
1288 2415 1564 2464 Asconium
1593 2414 1744 2462 fuisse
1777 2409 2252 2474 familiaremffiivii,
2290 2419 2377 2483 qui
2416 2416 2628 2465 decessit
2660 2434 2702 2463 a.

251 2498 312 2545 U.
349 2512 483 2562 771.;
517 2503 709 2544 constat
741 2512 803 2543 ex
836 2497 992 2544 Servii
1026 2497 1309 2545 testimonio
1343 2496 1410 2544 ad
1440 2497 1575 2561 Virg.
1610 2495 1722 2542 Ecl.
1758 2494 1844 2553 IV,
1895 2512 1984 2555 11„
2019 2514 2137 2544 eum
2187 2495 2435 2544 audivisse
2488 2496 2705 2553 Gallum,

250 2576 408 2625 Asinii
442 2575 679 2624 Pollionis
713 2574 898 2636 filium,
947 2577 1034 2643 qui
1075 2575 1172 2625 fuit
1222 2576 1411 2626 Consul
1459 2594 1504 2628 a.
1547 2575 1611 2628 U.
1647 2576 1785 2642 746.;
1837 2583 2030 2624 constat
2080 2574 2301 2643 denique
2354 2594 2416 2625 ex
2463 2577 2620 2625 Servii
2656 2585 2706 2624 et

250 2654 546 2721 Philargyrii
580 2657 873 2706 testimoniis
907 2657 973 2707 ad
1003 2658 1141 2723 Virg.
1177 2657 1285 2707 Ecl.
1318 2657 1408 2716 III,
1450 2657 1568 2715 105„
1603 2674 1723 2705 eum
1753 2656 1998 2705 audivisse
2025 2657 2174 2705 etiam
2188 2657 2460 2722 Virgilium
2492 2656 2704 2722 loquen-

252 2746 371 2795 tem,
407 2738 495 2802 qui
530 2737 656 2786 obiit
690 2756 731 2785 a.
766 2739 830 2790 U.
866 2740 976 2806 735.
1044 2739 1219 2806 Itaque
1262 2748 1408 2787 natus
1441 2747 1513 2787 est
1552 2737 1798 2787 Asconius
1840 2738 2012 2805 paullo
2044 2747 2158 2806 post
2189 2747 2402 2788 mortem
2427 2737 2703 2796 Ciceronis,

252 2817 341 2884 qui
377 2817 571 2866 occisus
605 2826 678 2866 est
709 2835 751 2865 a.
772 2819 834 2866 U.
870 2835 926 2885 71
944 2835 998 2876 ι.,
1033 2827 1082 2866 et
1115 2834 1314 2868 neeesse
1348 2826 1435 2878 est,
1469 2835 1585 2866 eum
1616 2816 1903 2878 adolevisse,
1938 2819 2063 2868 dum
2096 2818 2227 2867 filius
2248 2818 2520 2877 Ciceronis,
2555 2817 2705 2866 disci-

249 2896 358 2963 puli
408 2906 459 2944 et
497 2896 763 2947 familiares
805 2898 1042 2964 permulti
1091 2900 1381 2963 superstites
1430 2907 1593 2958 erant,
1647 2900 1737 2965 qui
1783 2917 1901 2948 vera
1951 2900 2058 2948 eius
2107 2900 2292 2966 scripta
2342 2906 2700 2965 propagarent,

248 2994 414 3044 neque
434 2993 550 3025 sane
566 2994 686 3027 cum
706 2980 922 3028 aliorum
939 2978 1385 3028 declamationibus
1403 2976 1644 3027 confundi
1665 2988 1961 3044 paterentur
1979 2983 2075 3042 25).
2112 2978 2435 3045 Quapropter
2447 2969 2702 3043 'equidem

249 3073 354 3107 non
388 3055 622 3122 intelligo,
660 3057 915 3124 quomodo
950 3056 1060 3107 fieri
1092 3059 1337 3125 potuerit,
1372 3065 1430 3106 ut
1444 3056 1688 3106 Asconius
1707 3075 1736 3106 a
1757 3055 1956 3107 falsario
1974 3057 2303 3125 deciperetur.
2338 3055 2513 3105 Wolfii
2529 3066 2703 3107 autem

250 3139 493 3187 sententia
525 3141 720 3188 tametsi
754 3157 858 3188 non
891 3138 1093 3197 iisdem,
1128 3139 1315 3206 quibus
1347 3136 1651 3199 Marklandi,
1695 3137 2074 3188 difficultatibus
2115 3139 2362 3206 premitur
2392 3137 2703 3206 videturque

248 3214 345 3265 hoc
364 3233 467 3265 esse
490 3216 812 3283 probabilior,
823 3216 964 3284 quod
980 3217 1235 3276 Asconios‚
1251 3216 1602 3280 Quintilianos,
1612 3215 1834 3283 Aquilas‚
1854 3215 2143 3267 Rufinianos
2170 3219 2419 3268 immunes
2441 3219 2505 3269 ab
2527 3236 2703 3269 errore

2864 179 2887 209 0

253 3331 318 3375 25)
356 3332 414 3367 De
440 3332 632 3381 discipulis
659 3332 736 3372 vid.
762 3333 925 3382 Quintil.
952 3334 1032 3377 XII,
1060 3337 1119 3376 11,
1147 3337 1184 3371 Β.
1210 3343 1266 3380 aq.
1292 3338 1331 3367 et
1357 3332 1435 3369 Cic.
1459 3328 1507 3365 ad
1532 3329 1633 3367 Fam·
1658 3329 1741 3373 VII,
1767 3332 1830 3367 33.
1856 3329 1918 3373 IX,
1947 3341 1981 3376 7.
2009 3335 2070 3367 14.
2099 3326 2159 3370 16.
2189 3337 2252 3370 18.
