3007 3888
194 276 482 330 'Consulem
512 290 632 333 esse,
665 273 796 322 sieut
827 287 937 321 eras
970 286 1029 320 eo
1056 279 1302 339 tempore,
1333 287 1414 320 an
1446 270 1648 330 Romae,
1700 268 1755 318 in
1795 283 1898 336 qua
1943 271 2159 321 civitate·
2195 285 2374 322 omnes
2410 276 2551 364 ante
2563 278 2670 345 ἠο.

214 356 458 410 Consules
488 353 693 404 Senatui
725 351 1054 420 parueruntP‘
1041 359 1072 381 “

343 436 656 486 Consulatus
693 434 968 501 Capuanus
990 448 1036 482 s.
1076 431 1387 498 Campanus,
1421 383 1590 480 iudice
1632 427 1949 488 Marklando',
1984 445 2087 478 non
2119 431 2285 480 minus
2318 397 2540 482 absurda
2572 444 2653 480 res

209 527 303 579 est,-
330 533 493 589 quam
520 513 777 563 Ciceronis
810 521 965 560 aetate
999 524 1218 576 regnum
1250 508 1760 576 Romanum.1taque
1793 506 1889 556 hoc
1923 510 2178 576 egregium
2209 512 2400 560 censori
2449 509 2656 560 videtur

208 599 461 668 specimen
494 596 715 645 inscitiae
747 595 1069 662 publicarum
1094 607 1268 640 rerum
1301 599 1352 638 et
1381 591 1684 657 scriptorum
1716 588 1972 638 Ciceronis
2006 599 2056 638 et
2086 588 2400 649 conditionis,
2431 607 2533 656 qua
2565 605 2656 638 usa

210 681 298 734 sit
305 678 392 728 illa
424 675 546 727 urbs
578 675 698 726 inde
731 693 761 724 a
791 684 1016 737 tempore
1050 669 1356 720 Hannibalis.
1389 669 1465 719 Ac
1497 671 1538 720 si
1571 677 1833 728 constaret,
1864 686 1958 736 per
1989 662 2324 736 ignorantiam
2355 689 2384 718 a
2402 671 2655 736 Scriptore

212 757 485 810 Consulem
517 755 618 807 dici
651 771 746 822 pro
779 751 1080 810 Duumviro,
1115 766 1317 800 causam
1351 765 1454 799 esse
1488 748 1875 818 relinquendam
1907 757 2152 817 putarem.
2197 750 2266 799 At
2302 751 2404 802 Cic.
2453 750 2518 800 ad
2550 750 2652 802 Att.

210 838 399 898 scribit,
433 839 573 905 epist.
609 835 674 893 II,
708 834 757 882 6.
791 831 967 895 „Quin
1001 832 1150 880 etiam
1175 830 1421 890 dubitem,
1455 847 1519 878 an
1551 829 1647 890 hic,
1681 849 1746 879 an
1778 830 1915 879 Antii
1953 829 2226 890 considam,
2248 840 2299 880 et
2331 831 2427 880 hoc
2460 841 2656 896 tempus

211 935 360 969 omne
383 929 717 974 rconsumam3
753 912 840 960 ubi
885 910 1093 978 quidem
1131 927 1223 977 ego
1266 909 1471 958 mallem
1509 909 1864 970 Duumvirum,
1907 926 2060 977 quam
2094 912 2281 960 Romae
2323 929 2405 960 me
2457 906 2666 959 fuiSse.“

211 1001 273 1049 In
306 996 493 1065 quibus
525 994 780 1042 Duumvir
809 1005 902 1059 pro
937 991 1154 1040 Consule
1187 990 1390 1048 dicitur,
1424 997 1482 1037 ut
1511 997 1681 1038 nostro
1714 989 1826 1039 loco
1861 989 2051 1039 Consul
2083 1008 2176 1058 pro
2214 991 2517 1048 Duumvim,
2544 1004 2659 1055 pro-

209 1086 324 1144 pter
356 1071 736 1132 similitudinem
767 1088 946 1119 earum*
975 1070 1286 1138 dignitatum.
1320 1069 1543 1129 Accedit,
1557 1069 1697 1137 quod
1724 1071 1827 1137 ipse
1850 1071 1963 1119 Piso
1985 1070 2270 1137 Campanus
2293 1068 2481 1119 Consul
2513 1085 2659 1117 voca-

211 1166 299 1205 tur
335 1155 387 1203 in
421 1152 586 1203 Pison.
620 1167 663 1198 c.
707 1167 779 1197 11.
813 1148 1062 1212 „Seplasia
1092 1146 1394 1209 mehercule,
1428 1160 1486 1198 ut
1519 1149 1619 1200 dici
1654 1150 1934 1210 audiebam,
1969 1160 2019 1199 te
2054 1159 2112 1199 ut
2143 1152 2368 1219 primum
2415 1149 2656 1218 adspexit,

216 1237 528 1301 Campanum
575 1230 847 1280 Consulem
898 1229 1230 1295 repudiavit.“
1291 1230 1417 1279 Erat
1473 1242 1641 1280 autem
1687 1234 1800 1282 Piso
1851 1232 2032 1281 eodem
2079 1241 2304 1299 tempore
2354 1240 2405 1280 et
2454 1231 2654 1298 Capuae

214 1315 468 1366 Duumvir
500 1323 550 1362 et
581 1314 767 1361 Romae
802 1310 1004 1358 Consul.

349 1397 404 1445 C.
447 1413 517 1443 12.
553 1393 764 1452 „Nostra
793 1392 1037 1462 memoria
1069 1393 1330 1440 Senatores
1361 1409 1424 1439 ne
1459 1393 1511 1439 in
1544 1395 1646 1442 suis
1690 1393 1900 1461 quidem
1942 1393 2182 1461 periculis
2222 1401 2417 1442 mutare
2468 1402 2660 1442 vestem

218 1474 464 1525 solebant:
500 1474 552 1520 in
585 1488 698 1519 meo
731 1468 958 1536 periculo
980 1470 1199 1534 §enatus
1226 1477 1361 1517 veste
1394 1480 1582 1520 mutata
1611 1472 1758 1521 fuit.“

348 1555 443 1602 Hic
476 1551 618 1600 nulla
654 1550 900 1598 dubitatio
944 1558 1114 1597 exorta
1156 1558 1295 1606 esset,
1338 1550 1377 1596 si
1421 1551 1646 1615 Scriptor
1691 1554 1860 1618 priore
1911 1554 2024 1601 loco
2073 1554 2276 1602 dixisset
2323 1550 2548 1612 Senatus,
2604 1564 2655 1602 et

219 1634 491 1704 posteriore
524 1629 800 1687 Senatores,
835 1638 922 1676 aut
955 1629 1139 1677 iterum
1170 1627 1393 1676 Senatus.
1445 1629 1593 1678 Nunc
1627 1634 1799 1697 quaeri
1833 1642 2009 1699 potest,
2044 1643 2217 1681 utrum
2249 1637 2561 1702 singulorum
2596 1655 2662 1683 an

222 1722 527 1763 cunctorum
559 1711 870 1765 Senatorum,
906 1717 1079 1755 utrum
1120 1707 1311 1755 ordinis
1355 1726 1419 1754 an
1464 1708 1728 1758 hominum
1768 1713 1996 1777 pericula
2036 1715 2276 1779 cogitarit.
2333 1716 2382 1762 Si
2435 1715 2660 1780 pericula

219 1791 531 1860 singulorum
581 1789 878 1836 Senatorum
942 1786 1264 1852 intelligenda
1321 1796 1495 1846 essent,
1560 1797 1673 1838 tum
1730 1793 1998 1852 nescirem,
2069 1794 2327 1860 quomodo
2379 1794 2501 1844 haec
2553 1813 2663 1844 sen-

221 1873 377 1923 tentia
424 1867 629 1918 defendi
693 1875 890 1934 posset3
956 1869 1033 1916 sin
1065 1876 1234 1916 autem
1265 1866 1556 1934 significavit
1598 1870 1822 1937 Scriptor
1866 1883 2166 1924 cunctorum
2217 1876 2518 1925 Senatorum
2568 1895 2658 1925 seu

222 1952 379 2020 ipsius
440 1946 630 1995 ordinis
688 1946 931 1993 Senatorii
983 1946 1238 2012 pericula,
1299 1954 1411 1994 tum
1464 1944 1591 1994 nihil
1646 1957 1733 2007 est,
1777 1950 1918 2016 quod
1970 1953 2319 2018 reprehendas.
2388 1955 2471 2003 Ad
2518 1955 2656 2003 illam

222 2028 684 2097 interpretationem
725 2023 1024 2073 criminandi
1085 2023 1309 2072 studium
1358 2022 1599 2089 perduxit
1651 2037 1991 2088 accusatores,
2047 2030 2113 2079 ad
2170 2032 2298 2082 hanc
2355 2050 2475 2081 vero
2544 2032 2659 2080 dili-

224 2113 388 2182 gentia
415 2104 695 2173 ScriptoriS,
732 2104 820 2170 qui
868 2100 1091 2151 secundo
1132 2101 1243 2150 loco
1283 2101 1411 2151 dixit
1454 2105 1676 2166 Senatus,
1713 2117 1769 2155 ut
1811 2108 2044 2159 ordinem
2088 2111 2346 2170 indicaret,
2399 2121 2463 2169 et,
2519 2113 2661 2178 quod

225 2193 502 2243 maximum
534 2195 619 2245 est,
664 2186 769 2251 ipsa
810 2200 982 2232 rerum
1020 2183 1199 2231 veritas
1242 2200 1413 2233 omnes
1455 2185 1714 2251 perducet,
1759 2188 1847 2253 qui
1891 2189 1997 2236 sine
2037 2190 2348 2255 praeiudicio
2394 2190 2661 2239 consilium

226 2273 353 2328 inire
386 2267 650 2319 voluerint.
966 2313 972 2319 ,

359 2352 415 2400 C.
459 2349 530 2409 ¹4·
563 2346 803 2408 „Mecum
835 2345 978 2411 leges,
1013 2362 1215 2393 mecum
1248 2346 1575 2411 quaestiones,
1610 2363 1814 2395 mecum
1861 2348 1972 2396 iura
2012 2351 2406 2417 magistratuum,
2461 2371 2663 2405 mecum

230 2435 439 2482 Senatus
453 2427 733 2485 auctoritas,
751 2442 952 2474 mecum
963 2424 1174 2473 deorum
1190 2433 1238 2471 et
1249 2424 1510 2473 hominum
1527 2427 1805 2473 sanctitates
1824 2444 1998 2476 omnes
2017 2438 2065 2477 et
2088 2430 2353 2496 religiones
2376 2433 2662 2483 afuerunt.‘'‘

358 2511 440 2573 „O
477 2526 646 2559 casum
679 2506 980 2566 infelicem,“
1024 2507 1095 2555 sic
1127 2505 1306 2554 clamat
1339 2505 1680 2565 Marklandus,
1714 2524 1850 2573 „quo
1885 2510 2107 2575 contigit,
2161 2519 2218 2558 ut
2262 2512 2368 2578 ipso
2414 2501 2657 2566 Cicerone

227 2603 351 2644 teste
384 2591 715 2658 cognorimus,
747 2588 900 2636 Nonis
932 2588 1081 2653 Sept„
1116 2602 1217 2652 quo
1253 2585 1335 2634 die
1370 2586 1571 2633 Senatui
1604 2587 1782 2652 gratias
1817 2589 1935 2653 egit,
1974 2598 2023 2637 et
2055 2590 2218 2656 pridie
2252 2592 2358 2640 eius
2393 2591 2516 2652 diei,
2552 2595 2658 2643 fru-

228 2682 456 2726 mentum
489 2688 738 2738 omneque
771 2687 924 2737 genus
958 2685 1179 2717 annonae
1200 2669 1251 2717 in
1267 2665 1405 2716 Urbe
1427 2666 1729 2716 artissimum
1751 2677 1799 2716 et
1819 2670 2130 2719 carissimum
2162 2670 2326 2720 fuisse.
2377 2674 2451 2721 Ita
2484 2675 2659 2724 scribit

234 2758 335 2824 ipse
369 2753 436 2804 ad
467 2753 566 2803 Att.
605 2752 689 2811 IV,
731 2769 770 2802 1.
803 2749 970 2799 relatis
1013 2748 1164 2809 rebus
1205 2748 1409 2798 illorum
1450 2746 1670 2797 dierum:
1717 2752 1791 2799 Eo
1833 2750 2007 2810 biduo,
2053 2771 2209 2819 quum
2252 2765 2383 2802 esset
2424 2774 2659 2806 annonae

233 2852 424 2888 summa
444 2835 636 2883 caritas
656 2840 748 2885 etc.
782 2830 888 2879 Iam
908 2830 1036 2898 quid
1065 2828 1354 2897 responderi
1380 2827 1575 2897 potest?
1596 2829 1698 2878 Dic
1722 2830 1960 2897 aliquem,
1994 2832 2160 2890 sodes,
2195 2833 2300 2891 dic,
2340 2834 2658 2900 Quintiliane

238 2917 519 2969 colorem.“
570 2909 856 2980 Respondet
890 2909 1163 2982 Gesnerus:
1198 2911 1284 2970 „Si
1316 2908 1380 2959 de
1413 2909 1595 2958 vilitate
1630 2908 1868 2977 loquatur
1908 2928 1999 2977 per
2039 2913 2260 2979 Pompeii
2313 2913 2393 2962 vel
2447 2915 2660 2967 admini-

234 2996 522 3050 strationem
552 2992 634 3041 vel
667 3008 852 3041 nomen
883 2999 1165 3068 procurata,
1176 2989 1329 3040 ilicet!
1366 2992 1619 3058 exsequias
1643 3009 1813 3040 eamus
1830 2991 1904 3040 his
1921 2992 2228 3041 orationibus
2241 3003 2351 3059 post
2375 2995 2664 3046 Reditum.“

233 3077 336 3128 Sed
365 3072 616 3125 succurrit
647 3070 937 3138 tempestive
970 3070 1111 3121 locus
1146 3088 1218 3120 or.
1254 3087 1348 3139 pro
1381 3070 1596 3131 dom0‚c.
1636 3077 1698 3131 6.,
1717 3073 1806 3138 qui
1841 3090 1948 3121 rem
1980 3090 2181 3122 omnem
2200 3074 2414 3140 expedit.
2449 3077 2664 3140 „Quum

237 3156 301 3206 de
336 3172 447 3204 mea
482 3151 717 3219 dignitate
752 3148 1092 3213 (restituenda,
1125 3150 1297 3218 paullo
1331 3160 1444 3200 ante
1478 3150 1712 3212 reditum,
1748 3152 1888 3220 quod
1920 3154 2070 3202 series
2121 3155 2190 3202 rei
2223 3165 2385 3221 gestae
2421 3155 2665 3228 declarat)

235 3238 290 3285 in
318 3233 505 3300 templo
539 3231 668 3281 Iovis
704 3230 765 3278 O.
802 3231 872 3280 Μ.
908 3229 1340 3297 frequentissimus
1373 3233 1580 3281 Senatus
1620 3261 1687 3274 —
1720 3232 2030 3292 decrevisset,
2072 3232 2261 3292 subito,
2295 3235 2385 3283 illo
2419 3238 2530 3303 ipso
2563 3240 2666 3300 die,

239 3316 540 3363 carissimam
568 3327 817 3361 annonam
850 3326 945 3358 nec
977 3311 1175 3377 opinata
1206 3312 1369 3361 vilitas
1402 3320 1710 3379 consequuta
1742 3320 1827 3361 est.
1895 3313 2067 3375 Erant,
2103 3313 2193 3381 qui
2214 3312 2334 3365 deos
2345 3315 2685 3382 immortales,
