3007 3888
1388 82 1397 93 .
1422 85 1458 112 ,
2541 130 2679 189 m

230 270 288 310 ut
336 261 554 329 angustis
595 259 783 311 finibus
814 261 946 311 ,huic
988 260 1160 319 libello
1200 261 1519 330 praescriptis
1560 276 1735 311 omnes
1778 261 2024 310 contineri
2064 260 2208 309 nullo
2247 258 2405 309 modo
2449 261 2673 326 possint3

229 355 430 391 necesse
462 348 560 411 est,
609 347 668 388 ut
708 336 990 390 dividamus
1035 348 1085 389 et
1123 347 1320 408 partem
1358 337 1616 407 quandam
1659 337 1945 406 seligamus,
2002 348 2066 386 ex
2107 355 2211 406 qua
2241 338 2306 388 de
2340 337 2550 406 reliquis
2581 354 2675 405 per

227 419 570 471 coniecturam
600 416 817 467 iudicari
848 420 1014 488 possit.
1050 419 1111 469 In
1144 436 1249 488 quo
1282 418 1604 468 manifestum
1638 425 1725 476 est,
1759 419 1800 466 si
1828 416 2146 467 difficillimos
2178 417 2313 467 locos
2328 449 2331 451 -
2347 416 2590 485 expedire
2623 425 2675 465 et

225 497 593 566 suspicionibus
627 498 838 549 liberare
869 501 1146 567 contigerit,
1166 515 1280 556 -eos,
1316 500 1405 564 qui
1439 496 1712 546 levioribus
1744 498 1899 546 notati
1933 498 2033 547 sint
2051 497 2360 557 criminibus,
2394 498 2574 548 eadem
2590 498 2675 547 via

227 594 286 628 ac
304 578 496 627 ratione
510 576 706 627 facilius
722 577 926 629 defendi
936 593 1094 646 posse.
1117 574 1477 640 Quamobrem,
1490 575 1529 623 si
1543 574 1630 642 qui
1644 583 1808 631 erunt,
1824 574 2025 642 quibus,
2036 572 2123 623 bas
2135 575 2379 624 orationes
2389 576 2672 626 aCicerone

225 658 431 725 scriptas
463 670 581 719 esse,
615 675 719 709 non
745 659 900 727 possit
930 655 1245 724 persuaderi,
1278 657 1375 706 nisi
1408 655 1634 706 refutatis
1653 654 1888 704 omnibus
1907 654 2436 715 animadversionibus,
2467 656 2543 706 his
2558 657 2672 724 qui-

225 738 343 790 dem
374 739 687 808 pollicemur,
719 739 864 788 brevi
897 747 1121 805 tempore
1154 737 1537 787 commentarios
1568 737 1620 784 in
1654 735 1872 803 singulas
1906 736 2154 784 orationes
2167 744 2340 783 nostra
2371 751 2522 802 opera
2553 753 2671 802 pro-

225 819 420 868 dituros
453 835 579 877 esse,
632 820 685 865 in
718 817 904 883 quibus
935 833 1001 865 ne
1034 818 1325 866 tenuissima
1361 816 1571 884 quidem
1603 817 1823 883 suspicio
1856 816 2082 883 neglecta
2124 817 2187 863 sit
2237 816 2353 878 (nisi
2399 816 2528 863 forte
2567 825 2672 864 tam

227 898 357 946 dura
388 897 545 945 fuerit
576 897 725 944 huius
758 897 1039 963 scriptionis
1071 896 1300 956 fortuna,
1353 906 1412 944 ut
1444 896 1656 944 eandem
1699 913 1875 944 rursus
1908 898 2125 963 experiri
2166 897 2221 943 in
2256 896 2350 943 hac
2387 912 2536 944 causa
2567 913 2671 943 non

225 975 458 1026 videatur
491 975 614 1024 utile
634 978 758 1041 esse)
779 994 789 1025 :
824 977 912 1044 qui
934 985 1103 1027 autem
1123 977 1291 1026 minus
1307 977 1583 1043 pertinaces
1603 985 1755 1026 erunt
1774 985 1823 1025 et
1849 977 2110 1043 aequiores
2137 975 2345 1035 iudices,
2375 991 2470 1043 pro
2491 975 2678 1041 quibus

224 1053 348 1104 baec
381 1057 564 1123 scripta
596 1066 669 1105 est
701 1055 984 1124 disputatio,
1020 1056 1070 1105 hi
1105 1057 1387 1122 permoveri
1435 1074 1486 1106 se
1520 1058 1802 1124 patientur,³
1831 1065 1889 1105 ut
1922 1056 2162 1123 equidem
2193 1073 2367 1123 spero,
2409 1057 2449 1104 si
2476 1055 2611 1105 locos
2645 1073 2676 1105 a

222 1134 406 1185 Beckio
439 1144 656 1194 notatos,
692 1146 749 1183 ut
780 1137 1142 1196 vitiosissimos,
1196 1147 1247 1185 et
1289 1155 1351 1184 ex
1397 1137 1582 1203 quibus
1623 1136 2025 1186 commodissime
2077 1137 2429 1187 declamatoris
2475 1137 2671 1185 inscitia

222 1216 449 1283 cognosci
483 1217 658 1283 possit,
709 1217 839 1266 vitiis
875 1219 1079 1267 omnino
1111 1235 1289 1267 vacare
1327 1226 1377 1265 et
1409 1236 1438 1266 a
1472 1218 1727 1267 Ciceronis
1751 1219 2038 1285 eloquentia
2064 1236 2169 1266 non
2194 1218 2381 1266 alienos
2397 1231 2501 1265 esse
2524 1214 2671 1265 intel-

220 1301 446 1347 lexerint.
482 1300 564 1347 Ad
599 1299 686 1347 hos
721 1300 874 1365 igitur
905 1299 1043 1347 locos
1076 1298 1422 1353 defendendos
1456 1301 1698 1347 succincti
1732 1315 1873 1346 nunc
1907 1298 2252 1363 digrediamur
2281 1308 2492 1365 oportet.

352 1378 390 1425 I.
425 1379 637 1426 Beckius
672 1378 736 1426 de
768 1379 992 1425 oratione
1024 1388 1140 1444 post
1164 1378 1387 1427 reditum
1405 1379 1457 1425 in
1477 1379 1664 1425 Senatu
1688 1379 1758 1426 sic
1775 1378 1968 1426 iudicat
1987 1379 2040 1425 in
2068 1395 2261 1426 excurs.
2296 1377 2364 1425 ad
2392 1379 2479 1427 IV.
2499 1386 2667 1425 crath:

223 1459 459 1515 „Praeter
491 1458 824 1524 dispositionis
858 1457 1088 1505 locorum
1120 1466 1171 1505 et
1201 1459 1424 1523 partium
1454 1458 1587 1515 vitia,
1624 1475 1753 1523 quae
1791 1459 1844 1505 in
1879 1459 2102 1507 oratione
2144 1458 2208 1506 de
2243 1459 2431 1524 scripto
2464 1459 2671 1506 recitata

224 1539 449 1586 excusari
483 1545 760 1604 nequeant,
803 1535 1040 1602 leguntur
1071 1536 1233 1602 plura,
1269 1552 1397 1602 quae
1433 1554 1552 1587 cum
1585 1535 1792 1584 historia
1826 1537 2030 1586 illorum
2062 1548 2351 1603 temporum
2384 1555 2489 1586 non
2520 1537 2668 1586 facile

226 1618 560 1668 concilientur
592 1619 654 1680 (c.
690 1619 736 1666 3.
771 1617 817 1677 4.
854 1616 898 1664 5.
932 1633 976 1683 7.
1020 1632 1090 1663 12.
1133 1616 1249 1679 14),
1281 1632 1385 1664 non
1418 1634 1578 1683 pauca
1621 1618 1829 1684 puerilis
1871 1620 2071 1685 ingenii,
2123 1619 2375 1667 affectatae
2417 1619 2668 1679 dictionis,

221 1698 597 1763 verborumque
631 1706 806 1746 contra
839 1696 942 1745 Cic.
979 1712 1129 1745 usum
1161 1694 1404 1761 loquendi
1441 1706 1801 1762 usurpatorum
1835 1698 2062 1764 exempla
2094 1701 2161 1761 (2.
2194 1717 2238 1766 7.
2283 1702 2428 1764 11.).“

349 1778 738 1845 Dispositionem
772 1777 1003 1825 locorum
1035 1784 1084 1824 et
1115 1777 1337 1842 partium
1369 1775 1422 1823 in
1454 1775 1547 1825 hac
1581 1777 1806 1826 oratione
1841 1795 1945 1827 non
1965 1777 2119 1828 modo
2138 1794 2243 1828 non
2265 1779 2666 1846 vituperandam,

219 1857 309 1907 sed
342 1856 621 1906 admodum
653 1854 959 1904 laudandam
992 1871 1109 1913 esse,
1145 1871 1207 1902 ex
1240 1863 1549 1920 argumento,
1586 1856 1728 1922 quod
1759 1858 1931 1923 paucis
1959 1857 2255 1918 describam,
2291 1859 2550 1925 intelliges.
2585 1859 2667 1908 Ab

217 1939 360 1986 initio
394 1937 529 1985 enim
561 1944 730 1984 orator
757 1935 960 1985 Senatui
995 1935 1243 1993 universo,
1279 1933 1462 1983 deinde
1491 1936 1871 2002 magistratibus,
1906 1937 1954 1984 h.
1974 1955 2033 1996 e.,
2067 1938 2384 1998 Consulibus,
2419 1939 2663 1988 Tribunis

216 2019 285 2084 pl.
322 2027 371 2065 et
405 2017 738 2076 Praetoribus,
774 2017 999 2065 animum
1031 2032 1125 2081 pro
1159 2031 1354 2062 summo
1389 2015 1443 2062 in
1475 2032 1526 2063 se
1566 2015 1752 2064 collato
1793 2016 2040 2066 beneficio
2073 2020 2408 2084 gratissimum
2440 2029 2664 2078 testatur,

216 2101 284 2146 ita
319 2108 376 2145 ut
410 2099 611 2164 castiget
644 2097 794 2145 simul
829 2097 1105 2145 Gabinium
1158 2104 1208 2142 et
1240 2094 1491 2153 Pisonem,
1548 2096 1661 2161 qui*
1689 2115 1821 2145 anno
1867 2099 2125 2163 superiore
2160 2099 2402 2147 Consules
2434 2098 2665 2161 fuerant3

221 2176 363 2224 addit
395 2175 570 2224 laudes
603 2175 876 2240 singulares
909 2180 960 2222 P.
995 2174 1216 2235 Lentuli,
1251 2174 1599 2242 Cn.Pompeii,
1635 2177 1695 2225 T.
1716 2177 1885 2237 Annii,
1920 2181 1972 2227 P.
2000 2179 2169 2238 Sextii,
2196 2198 2323 2246 quos
2340 2180 2512 2240 duces,
2527 2182 2669 2246 prin-

221 2258 353 2323 cipes
375 2266 524 2322 atque
558 2265 785 2304 auctores
806 2273 922 2303 suae
944 2254 1113 2303 salutis
1132 2263 1306 2314 vocat3
1340 2264 1451 2302 tum
1482 2254 1707 2304 breviter
1738 2256 1937 2306 reddita
1970 2260 2160 2307 ratione
2180 2260 2518 2319 consiliorum,
2552 2262 2665 2327 qui-

217 2336 312 2386 bus
345 2340 399 2385 in
430 2336 590 2402 patria
623 2334 955 2402 relinquenda
988 2352 1108 2383 usus
1141 2336 1217 2395 sit,
1253 2334 1315 2383 ad
1351 2335 1725 2399 perorationem
1760 2335 2035 2397 descendit,
2071 2356 2172 2406 qua
2195 2350 2497 2408 perpetuum
2513 2359 2664 2391 suum

220 2419 283 2468 de
318 2420 513 2468 civitate
547 2417 677 2466 bene
710 2415 938 2465 merendi
973 2414 1197 2464 studium
1229 2415 1509 2481 pollicetur.

344 2499 485 2549 Inter
518 2517 588 2558 ea,
625 2515 753 2566 quae
788 2514 906 2547 cum
938 2495 1141 2546 historia
1175 2495 1379 2545 illorum
1411 2503 1702 2562 temporum
1735 2510 1839 2544 non
1873 2495 2021 2546 facile
2055 2499 2404 2560 concilientur,
2438 2504 2665 2568 primum

218 2580 313 2630 hoc
347 2588 433 2640 est,
469 2578 610 2647 quod
643 2596 685 2628 c.
722 2579 766 2627 3.
808 2577 1044 2627 Consulis
1064 2576 1249 2645 fasces
1268 2576 1445 2644 fracti
1479 2575 1737 2623 dicuntur.
1774 2575 1900 2625 Nam
1934 2576 2145 2645 intelligi
2176 2578 2356 2628 volunt
2389 2580 2659 2630 adversarii

217 2663 269 2709 P.
306 2660 595 2717 Lentulum,
630 2658 773 2706 cuius
807 2656 962 2706 fasces
997 2656 1178 2705 fractos
1211 2672 1329 2715 esse,
1366 2673 1513 2705 nemo
1546 2656 1642 2704 nisi
1679 2654 1829 2705 huius
1855 2665 1904 2705 et
1929 2660 2181 2725 sequentis
2214 2661 2453 2711 orationis
2482 2671 2661 2713 auctor

217 2738 393 2790 tradat.
429 2739 598 2790 Verba
632 2738 886 2803 scriptoris
921 2745 1064 2786 sunt:
1098 2735 1250 2800 „Quo
1284 2735 1493 2804 quidem
1525 2745 1766 2804 tempore,
1802 2755 1964 2806 quum
1996 2740 2036 2789 is
2071 2741 2374 2802 excessisset,
2410 2743 2497 2809 qui
2517 2743 2661 2794 caedi

218 2828 268 2869 et
296 2819 521 2868 flammae
554 2818 694 2869 vobis
729 2817 1017 2866 auctoribus
1051 2819 1321 2876 restiterat,
1367 2834 1485 2866 cum
1516 2817 1653 2867 ferro
1688 2827 1739 2867 et
1770 2819 1985 2868 fascibus
2019 2818 2244 2869 homines
2277 2829 2380 2870 tota
2413 2822 2541 2872 urbe
2575 2841 2663 2875 vo-

218 2900 428 2957 litantes,
463 2901 845 2965 magistratuum
877 2906 1008 2946 tecta
1041 2899 1351 2963 impugnata,
1389 2897 1600 2946 deorum
1642 2899 1829 2965 templa
1873 2899 2194 2962 inflammata,
2244 2904 2426 2952 summi
2469 2905 2566 2953 viri
2611 2914 2661 2953 et

219 2978 474 3026 clarissimi
501 2978 718 3026 consulis
751 2977 905 3024 fasces
938 2976 1122 3025 fractos
1154 2976 1395 3026 vidistis.“

349 3059 409 3106 In
442 3057 628 3123 quibus
663 3054 946 3121 explicandi
980 3073 1128 3104 causa
1160 3056 1353 3105 adiecta
1386 3065 1502 3105 sunt
1532 3056 1702 3116 verba,
1725 3076 1882 3125 quum
1915 3061 1961 3107 is
1994 3062 2321 3116 excessisset,
2340 3063 2433 3126 qui
2439 3067 2665 3112 -resti-

219 3148 372 3194 terat,
407 3147 465 3184 ut
497 3155 559 3183 ne
595 3138 707 3202 quis
741 3135 880 3183 aliud
912 3147 1123 3202 tempus,
1157 3155 1311 3203 quam
1345 3135 1484 3203 quod
1517 3136 1694 3185 Cicero
1729 3139 1780 3184 in
1814 3137 1985 3185 exsilio
2018 3138 2164 3203 degit,
2201 3139 2459 3205 intelligat.
2504 3142 2663 3210 Atqui

220 3218 419 3265 Tullius
454 3235 515 3264 ex
550 3217 674 3263 urbe
711 3218 855 3263 cessit
887 3232 1054 3263 mense
1089 3217 1274 3264 Martio
1308 3236 1350 3262 a.
1386 3218 1446 3263 U.
1481 3217 1620 3278 696.,
1656 3218 1958 3265 Consulibus
1976 3219 2034 3264 L.
2069 3220 2245 3265 Pisone
2281 3229 2331 3266 et
2348 3221 2409 3267 A.
2430 3220 2666 3272 Gabinio.

218 3300 335 3346 Post
369 3301 475 3348 eius
509 3296 782 3348 discessum
816 3298 868 3345 in
900 3296 1123 3345 tumultu
1167 3296 1390 3363 quodam
1434 3295 1660 3347 eiusdem
1707 3299 1822 3346 anni
1872 3297 2027 3349 fasces
2063 3299 2267 3350 Gabinii
2308 3300 2497 3352 fractos
2547 3321 2663 3361 esse,
