3007 3888
2493 117 2697 172 xxvn

383 250 581 302 Currus.
611 244 931 314 triumphalis
964 252 1170 294 auratus
1200 251 1323 303 erat,
1356 249 1408 292 et
1447 232 1682 308 quatuor
1709 239 1853 306 equis
1884 239 2010 289 albis
2042 239 2351 290 trahebatur.
2419 240 2512 289 Est
2560 243 2714 309 igitur

251 332 463 400 elegans,
497 337 560 379 uk
586 336 728 378 notat
757 324 1035 384 Ernestius,
1069 321 1316 390 triumphi
1347 320 1654 389 periphrasis
1687 319 1743 370 in
1774 318 1943 367 verbis
1958 322 2104 385 equis
2136 320 2429 387 insignibus
2459 329 2514 370 et
2546 337 2711 373 curru

251 419 476 468 aurata.
486 405 784 469 Quaeritur,
817 421 884 453 an
917 403 1116 455 Tullius
1148 400 1374 453 reditum
1399 417 1556 452 suum
1586 415 1767 466 magna
1804 397 2092 465 frequentia
2122 417 2406 468 magnoque
2439 400 2714 470 splendore

251 489 583 545 celebratum
599 484 858 552 triumpho
890 498 1182 552 comparare
1212 482 1453 548 potuerit.
1486 483 1597 532 Hoc
1627 489 1812 547 negant
1843 478 2175 530 Marklandus
2209 490 2259 529 et
2302 482 2537 543 wolfius,
2580 481 2717 532 affir-

249 578 394 623 mant
423 568 696 626 Gesnerus,
712 566 991 625 Ernestius,
1008 562 1277 614 Weiskius.
1314 561 1552 626 Quorum
1584 563 1809 630 opinioni
1845 560 2162 629 suffragatur,
2197 562 2339 629 quod
2361 564 2540 613 Cicero
2559 565 2715 612 etiam

251 645 559 700 smhumeri·
592 643 761 698 Italiae
795 650 1110 710 reportatum
1142 657 1246 690 esse
1278 641 1534 708 gloriatur,
1575 652 1626 692 et
1669 642 1812 711 quod
1853 642 1983 691 nihil
2033 643 2359 708 inexspectati
2405 653 2478 691 est
2519 646 2570 692 in
2616 643 2718 693 illis

252 728 447 789 verbis,
477 743 641 794 quum
671 721 942 792 praecedat
971 719 1176 788 grandis
1226 722 1498 770 sententia:
1548 722 1702 786 „Quo
1747 723 1831 771 die
1875 725 1990 790 quis
2035 725 2158 773 civis
2200 722 2312 781 fuit,
2357 726 2447 789 qui
2492 724 2568 772 fas
2611 741 2716 773 esse

252 818 471 877 putaret,
504 821 830 874 quacumque
863 811 951 850 aut
982 809 1140 849 aetate
1173 811 1263 849 aut
1291 800 1582 852 valetudine
1615 813 1755 862 esset,
1791 822 1896 853 non
1929 823 1981 853 se
2017 803 2082 853 de
2106 803 2269 853 salute
2289 822 2401 852 mea
2421 806 2718 854 sententiam

251 887 416 938 ferre?
449 883 671 950 Quando
705 891 894 931 tantam
923 880 1309 948 frequentiam'
1297 900 1350 929 in
1384 898 1577 948 camp0,
1610 890 1809 930 tantum
1840 882 2163 949 splendorem
2197 883 2369 932 Italiae
2403 885 2559 933 totius
2583 885 2717 934 ordi-

253 980 484 1032 numque
518 965 775 1013 omnium
763 1000 776 1025 ‚
812 961 1019 1030 quando
1053 961 1140 1010 illa
1168 961 1407 1028 dignitate
1441 971 1708 1028 rogatores,
1748 961 2053 1023 diribitoreS,
2097 963 2435 1032 custodesque
2465 964 2718 1014 vidistis?“

256 1044 417 1111 Quod
447 1061 571 1095 vero
591 1045 854 1094 Ernestius
870 1032 1108 1102 declarat,
1129 1043 1301 1092 minus
1330 1040 1628 1091 invidiosam
1644 1058 1748 1091 esse
1773 1041 2175 1111 descriptionem
2211 1045 2422 1112 proprio
2464 1045 2714 1094 vocabulo

252 1124 516 1194 triumphi,
560 1124 616 1174 id
658 1125 769 1173 iure
811 1121 1016 1172 videtur
1054 1120 1480 1182 animadvertisse,
1535 1122 1654 1188 quia
1704 1120 1948 1189 triumphi
1998 1122 2320 1182 vocabulum,
2371 1131 2430 1171 ut
2462 1123 2719 1172 Weiskius

255 1213 323 1264 ad
355 1213 406 1268 h.
441 1213 475 1261 l.
510 1219 699 1270 monet,
712 1211 766 1258 in
800 1209 1026 1258 animum
1060 1208 1259 1258 facilius
1290 1217 1569 1258 revocasset
1601 1208 1755 1259 factas
1789 1209 2007 1259 hostium
2026 1207 2193 1259 clades
2212 1209 2327 1257 etin
2338 1225 2525 1275 pompa
2539 1207 2721 1257 ductos

258 1295 489 1347 homines
522 1296 718 1344 vinctos
753 1300 804 1341 et
836 1292 903 1341 ad
935 1307 1113 1342 necem
1146 1291 1429 1340 destinatos
2606 1336 2612 1344 ¹

385 1374 451 1421 H.
498 1376 571 1421 De
621 1370 845 1420 secunda
895 1371 1134 1430 oratione,
1186 1371 1254 1419 ad
1306 1369 1531 1433 Quirites
1580 1377 1694 1434 post
1747 1367 1987 1425 reditum,
2047 1367 2262 1415 Beckius
2317 1365 2440 1414 haec
2496 1369 2714 1416 maxime

258 1451 630 1503 animadvertit:
662 1450 876 1514 „Quum
910 1451 963 1499 in
995 1451 1171 1518 populi
1205 1453 1356 1500 etiam
1392 1451 1634 1500 concione
1669 1466 1788 1508 non,
1824 1448 2082 1516 quidquid
2127 1449 2178 1495 in
2220 1447 2440 1495 buccam
2488 1449 2717 1507 venisset,

260 1531 361 1581 dici
395 1530 632 1598 potuerit,
667 1545 772 1578 non
807 1529 1088 1578 existimari·
1113 1538 1289 1596 potest,
1310 1547 1490 1579 verum
1524 1530 1824 1579 Ciceronem
1855 1538 1960 1577 tam
1992 1545 2174 1594 parum
2207 1526 2437 1594 religiose
2454 1529 2515 1590 (c.
2538 1533 2583 1580 8.
2605 1532 2720 1594 10.),

259 1611 470 1662 definite
495 1613 561 1674 (c.
598 1611 680 1674 5.)‚
714 1627 832 1660 vere
868 1619 917 1658 et
949 1610 1020 1658 rei
1055 1609 1429 1660 accommodate
1463 1614 1529 1674 (c.
1561 1612 1654 1675 5.)‚
1690 1610 1842 1658 latine
1871 1610 1936 1673 (c,
1979 1626 2018 1661 1.
2052 1610 2168 1673 etc.)
2203 1608 2462 1657 dicturum
2493 1608 2558 1657 ad
2593 1608 2721 1671 Qui·

260 1695 379 1743 rites
410 1694 580 1752 fuisse,
616 1701 674 1740 ut
707 1693 760 1740 in
789 1691 940 1739 huius
967 1690 1340 1740 declamationis
1373 1692 1544 1740 multis
1577 1691 1700 1739 locis
1733 1689 1926 1738 factum
1958 1706 2062 1739 esse
2096 1689 2378 1738 videmus.“
2729 1756 2732 1758 ‚

388 1774 445 1821 C.
481 1776 528 1820 8.
566 1770 910 1831 „Polliceborz
939 1772 1179 1837 primum,
1213 1789 1315 1838 qua
1346 1770 1639 1820 sanctissimi
1674 1769 1899 1819 homines
1924 1763 2107 1836 pietate
2136 1787 2252 1837 erga
2273 1772 2394 1821 deos
2417 1774 2724 1822 immortales

258 1869 360 1903 esse
394 1851 569 1911 solent,
606 1850 783 1900 eadem
816 1868 897 1899 me
932 1867 1050 1917 erga
1101 1851 1352 1917 populum
1390 1853 1675 1900 Romanum
1718 1860 1916 1918 semper
1968 1850 2101 1912 fore3
2153 1869 2448 1919 numenque
2493 1863 2721 1903 vestrum

259 1952 417 2003 aeque
450 1932 574 1983 mihi
609 1949 761 2000 grave
795 1940 846 1980 et
879 1939 1123 1991 sanctum,
1156 1947 1216 1980 ac
1249 1929 1465 1980 deorum
1497 1931 1878 1991 immortalium,
1914 1933 1966 1980 in
1999 1932 2136 1980 omni
2171 1932 2275 1979 vita
2304 1931 2589 1982 futurum.“

391 2018 598 2068 Numen
632 2014 876 2083 signifieat
908 2014 1234 2072 voluntatem,
1269 2017 1647 2074 auctoritatem,
1683 2031 1847 2081 quum
1888 2014 2119 2071 deorum,
2164 2023 2275 2062 tum
2308 2013 2586 2077 hominum,
2631 2020 2720 2084 qui

263 2099 358 2148 diis
393 2096 773 2165 quodammodo
808 2095 993 2144 similes
1026 2094 1320 2142 habeantur.
1356 2094 1431 2144 Ita
1465 2097 1566 2144 Cic.
1601 2094 1729 2145 Phil.
1766 2095 1858 2153 lll,
1900 2095 1971 2144 13.
2006 2094 2223 2160 „Magna
2256 2095 2330 2143 vis
2366 2105 2451 2155 est,
2486 2114 2724 2163 magnum

259 2197 452 2230 numen
479 2196 651 2231 ,unum
683 2187 733 2226 et
766 2176 903 2226 idem
936 2176 1190 2225 sentientis
1224 2175 1485 2224 Senatus.“
1517 2177 1627 2225 Liv.
1662 2176 1763 2235 Vll,
1798 2177 1878 2229 30.
1923 2175 2195 2234 ‚,Adnuite,
2231 2178 2400 2225 Patres
2435 2180 2721 2244 conscripti,

259 2271 444 2311 nutum
476 2276 768 2326 numenque
802 2267 1026 2306 vestrum
1059 2257 1305 2309 invictum
1321 2256 1639 2324 Campanis.“
1672 2257 1814 2320 Quin
1833 2258 1982 2305 etiam
2015 2256 2207 2323 legibus
2240 2276 2428 2306 numen
2461 2258 2721 2318 tribuitur,

256 2343 319 2392 de
354 2342 521 2390 Divin.
556 2343 592 2399 1,
636 2356 706 2386 12.
742 2339 1071 2405 „elapsaeque
1105 2346 1302 2387 vetusto
1335 2339 1544 2388 numine
1579 2339 1763 2405 leges.“
1821 2340 1958 2388 Dicit
1994 2357 2110 2406 ergo
2145 2341 2374 2407 Scriptor
2406 2341 2532 2389 nihil
2567 2342 2722 2401 aliud,

258 2422 352 2470 nisi
382 2421 562 2489 populi
595 2422 813 2468 Romani
845 2422 1213 2467 auctoritatem.
1234 2435 1397 2485 aeque
1429 2419 1528 2468 sibi
1558 2437 1769 2485 gravem
1805 2431 1857 2467 et
1889 2430 2140 2477 sanctam,
2175 2438 2239 2468 ac
2281 2422 2493 2469 deorum
2527 2427 2725 2471 immor-

261 2503 440 2552 talium
461 2502 712 2569 futuram
745 2517 868 2549 esse.
908 2499 1021 2548 Non
1053 2498 1173 2547 facit
1205 2498 1452 2566 populum
1485 2501 1768 2550 Romanum
1802 2501 1897 2550 diis
1939 2501 2212 2568 aequalem,
2255 2519 2360 2550 non
2405 2502 2545 2562 dicit,
2603 2503 2722 2552 deos

261 2599 364 2633 esse
407 2582 648 2646 Quirites,
695 2581 837 2649 quod
878 2580 1206 2631 Marklandus
1256 2590 1444 2631 temere
1487 2582 1772 2632 contendit:
1823 2583 1912 2632 sed
1952 2583 2222 2651 pollicetur
2262 2593 2476 2644 tantum,
2519 2601 2571 2634 se
2614 2603 2719 2636 non

257 2667 424 2716 minus
457 2667 601 2733 pium
634 2675 683 2714 et
716 2664 1004 2731 religiosum
1038 2663 1382 2733 ergaQuirites
1415 2664 1705 2732 fore,quam
1738 2683 1856 2733 erga
1890 2665 2023 2724 deos,
2042 2682 2078 2714 s.
2114 2683 2272 2732 aeque
2308 2665 2420 2715 illos
2442 2665 2719 2727 culturum,

261 2765 318 2798 ac
338 2748 377 2797 si
402 2756 564 2796 essent
582 2746 651 2796 ‹lii
680 2744 1002 2799 immortales.
1035 2744 1137 2795 Sed
1165 2744 1308 2813 finge,
1347 2745 1634 2810 Quiritibus
1666 2747 1873 2798 attribui
1917 2747 2247 2797 divinitatem:
2297 2746 2477 2814 quidni
2499 2746 2721 2798 feramus

260 2828 495 2887 hocloco,
509 2823 1644 2895 quodtotiesfitapudCiceronem‚uthomines
1679 2846 1799 2879 cum
1833 2829 1926 2878 diis
1938 2828 2419 2895 conferanturatque
2443 2827 2723 2878 iudeorum

260 2926 473 2958 numero
506 2906 785 2976 ponantur?
816 2905 986 2957 Veluti
1022 2923 1117 2972 pro
1152 2906 1371 2966 Plancio,
1407 2927 1449 2959 c.
1493 2926 1564 2956 12.
1599 2925 1753 2966 „cum
1785 2916 2002 2974 parente,
2039 2924 2192 2974 quem
2224 2916 2432 2956 veretur
2474 2916 2532 2956 ut
2565 2905 2723 2957 deum

261 2993 444 3058 (neque
480 2999 553 3038 est
584 2990 745 3040 multo
779 3005 921 3038 secus
953 2990 1134 3054 parens
1167 2983 1412 3047 liberis).“
1443 3006 1539 3056 pro
1571 2990 1753 3049 Sextio,
1790 3007 1832 3038 c.
1865 2990 1944 3040 68.
1978 2987 2184 3051 „Quare
2227 2988 2484 3035 imitemur
2523 2996 2723 3037 nostros

260 3072 459 3131 Brutos,
493 3070 744 3131 Camillos,
802 3067 997 3128 Ahalas,
1041 3069 1238 3129 Decios,
1286 3069 1482 3131 Curios,
1527 3071 1799 3132 Fabricios,
1847 3070 2107 3132 Maximos,
2150 3070 2419 3138 Scipiones,
2463 3070 2726 3131 Lentulos,

259 3148 513 3208 Aemilios,
549 3149 942 3198 innumerabiles
977 3149 1113 3208 alios,
1150 3167 1279 3218 quos
1314 3153 1552 3219 equidem
1586 3153 1638 3200 in
1672 3151 1887 3201 deorum
1921 3149 2279 3198 immortalium
2324 3159 2474 3199 coetu
2528 3151 2597 3200 ac¹
2634 3168 2728 3199 nu-

256 3243 398 3276 mero
430 3234 670 3294 repono.“
703 3228 757 3275 in
788 3228 969 3286 Pison.,
1005 3243 1048 3280 c.
1068 3244 1115 3292 9.
1152 3228 1256 3293 „Q.
1272 3229 1480 3290 Metelli,
1495 3247 1650 3298 quem
1684 3246 1772 3297 ego
1800 3231 1974 3287 civem,
1995 3245 2110 3278 meo
2144 3228 2351 3290 iudicio,
2367 3246 2488 3279 cum
2509 3230 2726 3280 deorum

261 3307 622 3361 immortalium
654 3309 804 3361 laude
839 3311 1143 3379 coniungo.“
1174 3329 1268 3378 pro
1288 3311 1473 3373 Rabir„
1509 3329 1550 3363 c.
1573 3330 1618 3361 2.
1650 3327 1908 3379 „quorum
1920 3308 2244 3387 (Quiritium)
2263 3318 2479 3377 potestas
2498 3311 2726 3379 proxime

2749 717 2773 732 Ο

263 3446 309 3486 φ-τ*
