3007 3888
122 186 136 199 ,
180 108 273 171 ''ff'‘
295 126 504 179 xvm·

299 276 485 327 parum
515 257 658 307 vobis
692 257 949 307 cumulate
984 258 1165 326 gratias
1200 273 1376 325 eger03
1426 272 1610 323 quaeso
1644 220 2007 323 obtestorque?
2037 276 2102 308 ne
2148 275 2288 309 meac
2328 269 2536 312 naturae
2567 263 2752 329 potius,

299 360 454 412 quam
487 338 822 408 magnitudini
843 351 1144 394 *vestrorum
1177 342 1539 391 beneficiorum
1572 339 1626 388 id
1659 339 1992 388 tribuendum
2015 346 2250 408 putetis.“
2272 347 2426 397 Idem
2447 357 2559 397 ante
2574 347 2753 398 oculos
2790 347 2793 351 ’

300 424 477 474 habuit
507 436 581 470 or.
623 420 690 470 ad
725 420 874 485 Quir.
909 432 1023 490 post
1055 422 1179 483 red„
1215 441 1256 473 c.
1300 439 1390 471 10.:
1426 421 1783 489 „Quapropter
1814 421 2110 472 memoriam
2141 429 2292 478 vestri
2319 428 2549 480 beneficii
2575 429 2751 479 *colam

300 503 649 553 benevolentia
682 504 1000 570 sempiterna,
1035 520 1138 551 non
1171 504 1333 552 solum
1364 502 1489 550 dum
1510 504 1674 551 anima
1693 502 1892 569 spirabo
1916 519 2041 563 mea,
2076 507 2167 554 s'ed
2181 510 2334 561 etiam
2360 527 2522 580 quum
2539 520 2746 561 mortuo

302 593 634 635 monumenta
675 585 828 633 vestri
873 585 924 631 in
966 601 1046 631 me
1091 583 1319 631 beneficii
1363 582 1744 648 permanebunt.
1821 582 1880 630 In
1922 583 2186 634 referenda
2239 597 2409 639 autem
2449 592 2616 657 gratia
2652 590 2750 640 hoc

302 667 446 717 vobis
488 666 786 734 repromitto
828 681 1123 731 semperque
1157 660 1430 730 praestabo,
1465 661 1587 710 mihi
1621 678 1789 729 neque
1825 663 1878 711 in
1895 664 2113 714 consiliis
2133 664 2196 714 de
2215 667 2476 733 republica
2493 670 2750 737 capiendis

304 749 630 815 dulgentiam,
664 762 829 812 neque
863 746 915 792 in
946 744 1184 810 periculis
1218 761 1245 790 a
1278 742 1536 809 republica
1566 741 1918 809 propulsandis
1952 745 2192 806 animum,
2226 762 2391 813 neque
2426 748 2478 795 in
2503 751 2757 798 sententia

305 829 601 896 simpliciter
634 825 897 877 referenda
929 823 1096 884 fidem,
1131 840 1297 890 neque
1332 823 1383 870 in
1418 822 1680 872 hominum
1714 822 2057 872 voluntatibus
2090 841 2184 890 pro
2205 826 2466 893 republica
2488 827 2748 879 laedendis

306 910 614 969 libeitatem,
656 925 749 957 nec
792 908 842 955 in
885 904 1188 973 perferendo
1223 904 1393 953 labore
1429 904 1739 964 industriam,
1773 922 1868 954 nec
1905 905 1956 954 in
1990 906 2180 955 vestris
2199 909 2475 959 commodis
2509 909 2750 978 augendis

306 1000 497 1058 gratam
524 990 675 1038 animi
709 986 1110 1037 benevolentiam
1144 985 1460 1034 defuturam:
1450 992 1497 1014 ·“
1530 1002 1691 1053 quum
1722 993 1932 1052 poneret
1967 987 2018 1034 in
2039 985 2177 1034 Grat.
2205 988 2332 1047 Act„
2356 1007 2397 1038 c.
2421 991 2515 1039 32:
2539 990 2752 1054 „Quum

307 1072 474 1121 anima
506 1070 757 1128 defecerit,
792 1075 1117 1116 monumenta
1151 1067 1226 1114 tui
1263 1067 1314 1114 in
1345 1083 1427 1114 me
1461 1065 1689 1115 beneficii
1729 1065 2123 1134 permanebunt3
2168 1067 2221 1115 in
2262 1069 2529 1119 referenda
2581 1079 2750 1120 autem

307 1155 480 1247 gratia,
515 1151 815 1201 sanctissime
849 1149 1155 1215 Imperator,
1211 1147 1309 1196 hoc
1342 1147 1433 1195 tibi
1467 1147 1711 1213 polliceor
1760 1163 2057 1214 semperque
2092 1148 2375 1228 praestabo,
2422 1150 2543 1199 mihi
2578 1168 2744 1218 neque

306 1237 358 1283 in
392 1231 711 1300 suggerendis
745 1230 963 1279 consiliis
995 1230 1278 1288 veritatem,
1321 1246 1488 1296 neque
1534 1230 1585 1276 in
1625 1227 1894 1285 adeundis,
1949 1228 1989 1274 si
2034 1244 2112 1275 res
2151 1221 2458 1295 poposcerit,
2504 1231 2751 1296 periculis

2853 808 2882 840 Q

305 1317 542 1371 animum,
577 1331 743 1379 neque
778 1314 830 1360 in
864 1313 1105 1360 sententia
1139 1311 1430 1377 simpliciter
1462 1307 1670 1357 ferenda
1703 1307 1905 1365 fidem,
1888 1325 2092 1375 neque
2128 1310 2179 1357 in
2215 1309 2476 1359 hominum
2512 1311 2745 1360 volunta·

304 1381 439 1442 tibus
457 1411 550 1460 pro
574 1393 769 1460 republ.
794 1401 944 1459 teque
971 1391 1227 1439 laedendis
1247 1391 1542 1447 libertatem,
1578 1404 1744 1453 neque
1766 1388 1817 1434 in
1827 1387 2084 1436 laboribus
2103 1389 2414 1455 perferendis
2428 1390 2746 1448 industriam,

305 1492 470 1541 neque
525 1475 577 1521 in
637 1472 875 1539 augendis
920 1473 1115 1537 imperii
1159 1472 1233 1518 tui
1287 1469 1565 1518 commodis
1607 1467 1731 1533 grati
1776 1469 1927 1516 animi
1962 1468 2362 1518 benevolentiam
2410 1470 2749 1518 defuturam.“

443 1573 513 1602 11.
552 1555 767 1611 SERvms,
803 1552 869 1601 ad
902 1553 1038 1618 Virg.
1074 1551 1200 1602 Aen.
1244 1551 1379 1609 VIII,
1423 1551 1549 1614 269„
1588 1548 1885 1598 Ciceronem
1926 1560 2184 1600 auctorem
2225 1551 2421 1611 laudat,
2469 1553 2557 1619 qui
2591 1552 2650 1601 in·
2676 1569 2754 1604 or.

307 1637 367 1685 de
403 1635 554 1683 domo
588 1650 691 1691 sua,
728 1633 987 1680 Pinarium
1018 1631 1215 1679 Nattam
1248 1629 1515 1696 appellanS,
1549 1630 1619 1676 sic
1656 1628 1810 1678 dicat:
1844 1630 2047 1696 „Quem
2067 1648 2162 1696 ego
2183 1642 2348 1680 tamen
2381 1633 2559 1692 credo,
2596 1635 2642 1680 si
2674 1641 2751 1679 est

308 1726 451 1765 ortus
483 1714 545 1761 ab
580 1714 703 1770 illis,
738 1729 867 1779 quos
899 1714 1167 1759 memoriae
1195 1711 1455 1776 proditum
1488 1719 1584 1766 est,
1619 1708 1683 1755 ab
1717 1711 1826 1774 ipso
1859 1711 2107 1768 Hercule,
2136 1711 2420 1777 perfuncto
2446 1715 2545 1760 iam
2564 1712 2749 1760 labori-

309 1797 424 1853 bus,
460 1811 606 1842 sacra
640 1794 926 1842 didicisse.“
993 1790 1137 1853 Quae
1171 1790 1326 1838 verba
1360 1788 1600 1854 leguntur
1634 1789 1686 1835 in
1720 1805 1792 1836 or.
1832 1805 1926 1853 pro
1961 1789 2129 1848 domo,
2165 1807 2209 1838 c.
2246 1791 2323 1838 52.
2748 1791 2818 1836 ἑά.

446 1892 516 1922 12.
552 1875 836 1922 Pmscmuns
873 1888 899 1919 e
932 1888 1037 1936 cap.
1071 1888 1143 1936 ¹7·
1180 1869 1418 1917 orationis
1449 1884 1542 1932 pro
1578 1866 1729 1915 domo
1776 1872 1978 1933 repetit:
2016 1869 2250 1917 vobismet
2284 1873 2428 1936 ipsis,
2451 1871 2751 1933 Pontifices,

308 1953 522 2012 lib.X11,
540 1970 589 2019 p.
609 1952 740 2018 947.;
776 1967 802 1997 e
839 1966 944 2015 cap.
982 1949 1028 1996 3.
1065 1964 1137 1994 or.
1170 1964 1264 2014 pro
1297 1947 1562 1994 Marcello:
1608 1948 1917 1995 simillimum
1940 1950 2032 1997 deo
2067 1950 2258 2008 iudico,
2294 1949 2379 1998 lib.
2415 1951 2508 2013 111,
2541 1968 2590 2018 p.
2624 1953 2753 2013 605.;

310 2055 336 2084 e
390 2052 496 2099 cap.
533 2038 578 2083 Ἴ.
616 2029 774 2077 eiusd.
811 2038 957 2076 orat.:
996 2038 1054 2075 ut
1074 2031 1122 2075 si
1139 2031 1192 2074 in
1213 2028 1462 2076 alterutro
1481 2028 1798 2095 peccandum
1814 2032 1902 2086 sit,
1936 2031 2106 2078 malim
2129 2032 2354 2089 timidus,
2390 2048 2542 2099 quam
2566 2050 2753 2099 parum

307 2114 536 2181 prudens
567 2111 756 2167 videri,
792 2109 878 2155 lib.
914 2109 981 2166 V,
1025 2126 1072 2175 p.
1107 2108 1244 2168 667.;
1280 2125 1306 2154 e
1341 2126 1446 2174 cap.
1483 2111 1554 2156 8.:
1597 2111 1819 2158 Tantum
1852 2112 1973 2160 abes
2005 2131 2036 2160 a
2065 2112 2388 2180 perfectione
2415 2116 2755 2163 maximorum

311 2210 539 2261 operum,
576 2201 634 2239 ut
651 2189 1027 2254 fundamenta,
1062 2204 1194 2256 quae
1225 2191 1440 2254 cogitaS,
1476 2190 1699 2237 nondum
1733 2193 1928 2250 ieceris,
1962 2191 2047 2240 lib.
2083 2192 2280 2252 XVIII,
2326 2210 2374 2259 p.
2419 2195 2555 2243 1125.

435 2271 515 2320 Ad
535 2270 623 2318 hos
640 2269 912 2317 duodecim
925 2276 1071 2315 testes
1081 2267 1284 2315 fortasse
1295 2276 1512 2333 quatuor
1523 2267 1640 2317 addi
1652 2280 1872 2335 possunt,
1884 2272 2754 2333 LAcrAurms,CnAn1s1us,Ammmvs

309 2355 659 2403 MARCELmNus
695 2358 743 2397 et
762 2348 1042 2396 MAcnonws
1064 2348 1162 2410 24).
1204 2346 1379 2409 Quum
1404 2365 1525 2396 vero
1552 2350 1719 2397 minus
1740 2360 1934 2400 certum
1949 2352 2012 2400 sit
2029 2370 2089 2400 ex
2111 2353 2333 2419 ipsorum
2351 2354 2560 2419 scliptis,
2583 2353 2644 2401 ab
2679 2352 2755 2400 his

308 2436 548 2484 lectitatas
568 2448 669 2479 esse
688 2447 779 2496 pro
793 2414 1130 2478 Ciceronianis
1141 2429 1403 2487 orationes,
1415 2446 1539 2495 quas
1564 2429 1904 2480 defendimus:
1926 2450 1984 2481 eo
2004 2433 2260 2481 lubentius
2287 2451 2462 2481 eorum
2480 2433 2755 2481 testimonia

308 2514 504 2562 silentio
520 2510 974 2577 praetermittimus,
993 2507 1134 2574 quod
1151 2509 1349 2556 muneri
1378 2509 1567 2557 anobis
1584 2521 1812 2578 suscepto
1835 2513 1955 2570 illis,
1993 2531 2121 2579 quae
2146 2514 2349 2560 recitata
2364 2521 2500 2570 sunt,
2515 2513 2629 2560 satis
2647 2512 2754 2560 fieri

305 2607 449 2659 posse
484 2605 587 2637 non
606 2586 941 2653 desperamus.
971 2585 1103 2634 Nam
1123 2585 1302 2651 singuli
1323 2594 1483 2647 testeS,
1503 2604 1630 2653 quos
1646 2591 2028 2649 nominavimus,
2061 2591 2131 2643 ita
2145 2590 2423 2640 succedunt
2443 2592 2572 2639 inter
2594 2608 2644 2639 se
2663 2608 2755 2658 per

306 2671 546 2738 temporis
568 2667 843 2725 intervalla,
878 2676 935 2714 ut
969 2667 1197 2714 notitiam
1229 2668 1514 2716 orationum
1548 2680 1596 2718 et
1630 2688 1813 2719 nomen
1848 2671 2101 2736 scriptoris
2134 2672 2276 2737 quasi
2320 2689 2412 2739 per
2444 2688 2619 2720 manus
2661 2671 2753 2720 sibi

308 2752 505 2801 tradere
526 2758 740 2816 possent.
779 2746 951 2809 Quare
973 2747 1071 2795 iam
1089 2746 1230 2794 nulla
1257 2746 1525 2798 difficultas
1545 2753 1805 2817 supererit,
1826 2752 1865 2798 si
1895 2750 2104 2816 quidem
2126 2752 2287 2818 (quod
2302 2751 2515 2801 Wolfius
2534 2769 2757 2818 pronun-

310 2835 398 2883 tiat
432 2834 485 2881 in
517 2830 673 2898 praef.
711 2831 869 2879 Marc.
892 2847 941 2896 p.
976 2831 1068 2892 10.)
1103 2845 1194 2877 nos
1228 2829 1431 2880 credere
1467 2839 1663 2896 oportet
1697 2831 1936 2890 Asconiis,
1957 2830 2295 2894 Quintilianis,
2328 2831 2757 2898 reliquisillorum

310 2925 595 2980 temporum
628 2912 960 2978 grammaticis
994 2920 1043 2958 et
1077 2910 1381 2971 rhetoribus,
1417 2913 1531 2959 satis
1563 2921 1814 2960 vetustum
1848 2929 1965 2970 esse,
2001 2911 2144 2979 quod
2168 2912 2231 2960 ab
2256 2913 2371 2978 ipsis
2397 2912 2633 2960 laudatur
2662 2927 2757 2977 pro

311 3003 518 3050 vetusto,
555 2999 689 3039 certe
712 3006 815 3037 non
839 2988 902 3036 ab
924 2988 1218 3055 aequalibus
1240 2993 1567 3056 suppositum.
1604 2992 1730 3060 Nam
1745 3002 1942 3059 tempus
1962 2993 2162 3042 nullum
2182 2994 2313 3041 inter
2337 3009 2433 3051 eos,
2458 2993 2546 3059 qui
2568 2999 2760 3040 nostras

315 3076 557 3124 orationes
591 3090 684 3140 pro
720 3071 1060 3121 Ciceronianis
1096 3071 1315 3131 laudant,
1351 3074 1683 3140 relinquitur,
1719 3092 1820 3142 quo
1855 3074 2046 3141 spurias
2081 3075 2327 3124 orationes
2362 3074 2412 3121 in
2448 3074 2617 3122 locum
2650 3086 2790 3136 gerg

316 3172 576 3203 manarum
624 3153 859 3202 substitui
902 3154 1120 3220 potuisse
1167 3163 1423 3220 putemus:
1477 3156 1515 3204 si
1559 3154 1713 3204 modo
1757 3156 1906 3204 unius
1947 3164 2077 3204 aetas
2111 3153 2176 3202 ad
2210 3153 2413 3202 alterius
2445 3150 2757 3215 adiungatur,

317 3318 382 3362 24)
408 3317 493 3356 vid.
519 3319 684 3357 Laetant.
710 3319 756 3355 de
783 3331 871 3356 vero
898 3321 1003 3357 cultu
1030 3332 1062 3358 c.
1089 3321 1152 3358 XI.
1178 3325 1216 3356 et
1234 3322 1322 3356 1mt.
1349 3320 1464 3359 divin.
1485 3320 1530 3363 V,
1552 3329 1590 3368 9,
1616 3327 1675 3360 ¹7.
1712 3319 1849 3360 Charin.
1870 3332 1907 3368 p.
1925 3326 1987 3360 τι.
2012 3318 2192 3358 Ammian.
2209 3319 2287 3361 XV,
2307 3316 2343 3355 5.
2378 3314 2541 3354 unroh.
2561 3313 2638 3354 sat.
2658 3316 2704 3358 ΙΙ,
2719 3320 2755 3358 ³·
