3007 3888
213 11 221 25 :-
233 0 349 33 {WZQ'
570 30 574 35 Ι
630 30 635 36 ,

4 138 16 150 k
34 114 42 133 ἶ
86 131 97 140 0
153 118 155 121 '
264 111 272 115 ”
369 118 380 137 Q
537 125 552 139 ο

158 179 184 197 ὃ.

2246 225 2269 245 .
2559 185 2636 236 1x

292 340 545 404 :Quintae
579 333 833 390 orationis,
867 346 961 397 pro
993 328 1065 379 M.
1101 327 1363 386 Marcello,
1421 322 1622 374 Tullius
1669 319 1979 368 mentionem
2020 318 2143 368 facit
2183 317 2251 367 ad
2292 316 2440 405 Ριιιὲ
2469 315 2636 379 1324.

190 399 346 486 ‚,iJno·
370 431 419 480 te
453 419 681 477 vicimus,
716 412 859 481 quod
891 411 955 461 de
972 410 1214 470 Marcelli,
1250 407 1470 474 collegae
1501 404 1593 463 tui,
1628 400 1787 451 salute
1819 399 1991 467 paullo
2008 408 2138 459 ante,
2167 417 2323 466 quam
2355 396 2431 458 tu,
2454 413 2638 465 cogno*-

189 507 378 564 vimus3
410 501 559 550 etiam
589 494 891 554 mehercule,
927 492 1083 561 quod,
1115 486 1548 560 quemadmodum
1592 501 1650 533 ea
1693 499 1773 532 res
1817 489 2062 548 ageretur,
2104 480 2339 534 vidimus.
2405 479 2536 529 Nam
2568 479 2644 528 sic

193 585 273 636 iac
308 583 556 634 existimes
598 586 710 647 post
742 577 828 627 has
861 575 1099 635 miserias,
1137 571 1192 622 id
1226 578 1314 631 est,
1349 575 1618 637 postquam
1653 563 1804 614 armis
1848 561 2116 630 disceptari
2165 571 2399 629 coeptum
2454 571 2530 611 est
2577 560 2641 612 de

195 668 305 716 iure
354 663 574 732 publico,
609 659 735 710 nihil
769 675 871 708 esse
913 664 1082 705 actum
1119 652 1261 711 aliud
1307 660 1428 700 cum
1472 647 1725 715 dignitate.
1787 643 1916 692 Nam
1955 650 2005 691 et
2039 643 2143 709 ipse
2177 640 2370 700 Caesar,
2405 650 2636 691 accusata

193 744 463 796 acerbitate
495 741 724 793 Marcelli
761 740 852 802 (sic
885 737 1020 786 enim
1051 734 1349 803 appellabat)
1393 729 1695 797 laudataque
1736 725 2236 777 honorificentissime
2283 733 2333 772 et
2383 727 2632 792 aequitate

191 834 292 883 tua,
327 833 377 874 et
408 822 695 891 prudentia,
728 824 932 883 repente
965 824 1164 882 praeter
1197 831 1335 880 spem
1385 812 1526 870 dixit,
1568 830 1620 861 se
1662 810 1866 860 Senatui
1909 808 2103 875 roganti
2163 805 2230 855 de
2287 806 2524 854 Marcello
2574 825 2638 854 ne

195 906 409 955 hominis
443 901 654 971 quidem
685 915 833 948 causa
865 904 1179 963 negaturum.
1209 924 1276 936 —
1307 894 1419 944 Noli
1454 909 1710 962 quaerere.
1746 890 1822 939 Ita
1853 887 1976 937 mihi
2009 884 2226 955 pulcher
2259 884 2341 934 hic
2376 883 2484 933 dies
2509 885 2643 934 visus

197 998 284 1047 est,
319 995 377 1043 ut
409 984 624 1051 speciem
655 981 874 1047 aliquam
907 977 1108 1027 viderer
1138 976 1311 1025 videre
1345 977 1487 1043 quasi
1522 973 1858 1022 reviviscentis
1893 969 2216 1037 reipublicae.
2263 967 2442 1034 Itaque
2480 983 2643 1033 quum

197 1083 369 1116 omnes
403 1072 516 1111 ante
549 1080 629 1110 me
664 1061 817 1126 rogati
865 1059 1045 1125 gratias
1089 1057 1286 1105 Caesari
1332 1057 1572 1122 egissent,
1617 1062 1817 1121 praeter
1862 1051 2151 1102 Volcatium
2221 1049 2284 1114 (is
2319 1049 2471 1106 enim,
2505 1048 2545 1095 si
2580 1062 2642 1095 eo

195 1148 308 1197 loco
342 1153 481 1203 esset,
515 1143 724 1211 negavit,
759 1158 810 1190 se
843 1139 1099 1189 facturum
1131 1137 1324 1204 fuisse):
1355 1154 1445 1205 ego
1481 1144 1682 1204 rogatus
1714 1134 1902 1185 mutavi
1954 1151 2128 1183 meum
2170 1130 2455 1181 consilium.
2519 1129 2646 1179 Nam

197 1238 485 1286 statueram,
538 1242 641 1274 non
683 1222 971 1271 mehercule
1021 1213 1225 1280 inertia,
1273 1219 1364 1269 sed
1415 1219 1662 1269 desiderio
1719 1219 1954 1285 pristinae
2009 1217 2290 1284 dignitatis,
2363 1215 2418 1262 in
2471 1230 2653 1281 perpe-

195 1318 344 1358 tuum
393 1316 572 1356 tacere.
657 1304 829 1370 Fregit
879 1301 974 1351 hoc
1029 1319 1203 1351 meum
1245 1300 1511 1350 consilium
1553 1310 1603 1349 et
1647 1300 1868 1364 Caesaris
1926 1297 2223 1365 magnitudo
2265 1297 2419 1346 animi
2466 1304 2517 1345 et
2563 1297 2649 1344 Se-

193 1399 342 1440 natus
375 1389 606 1437 officium.
643 1386 819 1450 Itaque
844 1375 1084 1448 pluribus
1116 1382 1278 1432 verbis
1310 1385 1395 1447 egi
1431 1382 1642 1431 Caesari
1674 1384 1899 1446 gratias,·
1933 1397 2132 1446 meque,
2168 1387 2355 1437 metuo,
2390 1396 2454 1426 ne
2489 1379 2643 1428 etiam

196 1471 251 1517 in
284 1468 460 1517 ceteris
494 1465 645 1514 rebus
679 1464 887 1512 honesto
920 1464 1021 1511 otio
1054 1464 1309 1529 privarim,
1344 1461 1485 1529 quod
1518 1471 1624 1510 erat
1657 1479 1820 1510 unum
1852 1461 2085 1509 solatium
2121 1460 2174 1507 in
2207 1459 2401 1507 malis.“
2435 1459 2495 1507 In
2531 1459 2644 1524 qui-

197 1548 295 1596 bus
327 1545 645 1613 Spaldingius
678 1552 824 1610 negat
858 1552 930 1610 (p.
966 1551 1090 1610 79),
1121 1544 1276 1610 plura
1317 1543 1463 1591 verba
1511 1541 1718 1609 propria
1766 1540 1817 1589 vi
1860 1557 1949 1588 sua
1992 1539 2056 1587 de
2101 1539 2226 1586 iusta
2273 1537 2497 1586 oratione
2540 1535 2643 1584 dici

203 1644 361 1692 posse.
411 1626 506 1674 Cui
543 1624 872 1673 adversantur
906 1625 1023 1691 ipsa,
1058 1641 1187 1691 quae
1219 1623 1425 1690 profert,
1459 1622 1684 1689 exempla
1717 1619 1867 1668 huius
1909 1620 2239 1686 loquutionis,
2278 1635 2372 1685 pro
2415 1617 2651 1667 Cluentio

202 1726 246 1760 c.
279 1708 374 1771 59„
410 1706 498 1754 ubi
528 1704 769 1772 pluribus
803 1704 965 1753 verbis
996 1703 1308 1770 significatur
1342 1722 1412 1763 ea,
1450 1720 1578 1769 quae
1612 1701 1869 1769 praecedit
1914 1701 2071 1748 oratio
2106 1701 2326 1766 capitum
2364 1699 2440 1758 58,
2476 1707 2525 1746 et
2554 1715 2649 1765 pro

200 1785 369 1839 Rabir.
406 1783 547 1851 perd.
587 1801 630 1832 c.
666 1799 727 1841 2„
762 1782 848 1830 ubi
877 1783 1033 1848 plura
1065 1783 1224 1831 verba
1257 1799 1378 1832 cum
1410 1783 1564 1848 longa
1582 1785 1830 1831 'oratione
1864 1791 2165 1847 congruunt,
2203 1799 2333 1848 quae
2353 1781 2484 1829 intra
2506 1780 2653 1829 semi-

202 1868 352 1916 horae
386 1865 606 1931 spatium
636 1864 861 1929 perorari
895 1881 999 1910 non
1032 1865 1201 1929 possit.
1235 1864 1302 1913 At
1333 1863 1550 1912 Wolfius
1584 1865 1637 1912 in
1667 1862 1823 1930 praef.
1844 1865 2000 1912 Marc.
2036 1881 2085 1929 p.
2112 1869 2192 1913 26.
2226 1861 2401 1928 plures
2435 1862 2653 1909 rationes

204 1953 477 2003 enumerat,
513 1960 642 2010 quae
676 1944 874 2008 penitus
907 1942 1262 2006 persuadeant,
1300 1944 1600 1992 Ciceronem
1632 1944 1849 1992 scribere
1883 1944 2123 2003 noluisse,
2179 1952 2330 2010 atque
2369 1941 2496 1990 adeo
2544 1958 2651 1990 non

202 2027 453 2093 scripsisse
486 2023 549 2072 de
584 2024 814 2071 restituto
836 2023 1095 2071 Marcello.
1130 2025 1442 2084 ‚,Primum‚“
1476 2025 1657 2091 inquit,
1689 2024 1806 2084 „hic
1836 2024 1976 2072 nulla
2009 2024 2260 2090 reperitur
2293 2040 2441 2072 causa
2473 2039 2536 2071 ex
2568 2024 2648 2081 iis,

203 2124 327 2174 quas
360 2123 511 2172 supra
544 2104 816 2162 attulimus,
853 2120 982 2169 quae
1009 2103 1153 2153 illum
1179 2105 1435 2171 impellere
1455 2105 1676 2172 potuerit
1690 2103 1755 2152 ad
1774 2103 2123 2166 scribendum3
2158 2104 2298 2152 nulla
2318 2105 2389 2153 rei
2418 2104 2648 2170 gravitas,

205 2197 291 2236 aut
325 2185 610 2242 difficultas,
646 2193 732 2231 aut
765 2183 933 2250 aliqua
966 2185 1135 2250 gratia,
1170 2202 1265 2234 nec
1298 2185 1520 2252 denique
1553 2184 1784 2234 voluntas
1816 2185 2060 2245 Marcelli,
2097 2187 2286 2253 quippe
2321 2186 2409 2252 qui
2431 2184 2654 2234 Caesaris

207 2267 535 2324 clementiam,
571 2265 845 2312 acerrimus
879 2263 1121 2313 libertatis
1154 2274 1513 2332 propugnator,
1547 2283 1652 2314 non
1684 2283 1922 2334 magnum
1956 2284 2074 2333 erga
2107 2284 2156 2315 se
2183 2267 2423 2314 meritum
2455 2274 2653 2331 putans,

205 2358 253 2396 et
288 2349 339 2394 in
373 2345 541 2393 reditu
575 2345 742 2410 potius
774 2345 946 2393 amicis
980 2346 1082 2393 suis
1114 2345 1424 2412 obsequens,
1458 2347 1773 2413 iniquissimo
1814 2348 1981 2397 animo
2025 2347 2218 2397 laturus
2262 2346 2456 2406 fuisset,
2516 2344 2652 2394 illius

206 2428 303 2477 diei
339 2426 684 2492 indignitatem
718 2425 901 2490 scripta
935 2427 1163 2473 oratione
1179 2435 1405 2474 testatam
1432 2425 1562 2474 etad
1578 2435 1802 2491 posteros
1818 2428 2124 2494 proditam.“
2153 2427 2282 2477 Nolo
2297 2426 2379 2475 hic
2395 2442 2657 2493 quaerere,

205 2526 269 2558 an
303 2507 473 2575 plures
497 2523 688 2562 causae,
724 2513 930 2571 propter
945 2520 1068 2570 quas
1088 2505 1265 2552 Cicero
1286 2506 1504 2554 actiones
1525 2524 1638 2556 suas
1657 2507 1833 2557 litteris
1851 2512 2179 2576 consignaret,
2195 2509 2424 2556 'indicari
2447 2509 2651 2573 possint,

208 2605 361 2654 quam
396 2603 524 2652 quae
559 2584 688 2633 duae
723 2576 1079 2631 describuntur
1111 2601 1140 2630 a
1170 2582 1379 2632 Wolfio:
1415 2602 1540 2653 quas
1573 2586 1848 2636 afferebant
1880 2588 2070 2637 scilicet
2082 2604 2162 2637 res
2180 2589 2328 2655 ipsae,
2363 2588 2403 2637 si
2429 2603 2650 2654 magnae,

206 2669 245 2716 si
280 2667 511 2725 illustres,
545 2666 584 2713 si
621 2663 852 2712 difficiles
878 2671 1091 2712 tractatu
1109 2672 1288 2726 essent3
1320 2673 1407 2712 aut
1423 2663 1654 2716 voluntas
1679 2684 1868 2725 eorum,
1906 2685 2034 2737 quos
2052 2667 2355 2718 defendisset
2395 2668 2484 2731 15).
2520 2667 2649 2717 Nam

206 2758 420 2813 utraque
471 2747 651 2794 harum
698 2762 965 2794 causarum
1006 2744 1260 2810 impellere
1300 2748 1466 2812 potuit
1515 2747 1813 2799 Ciceronem
1844 2748 1910 2798 ad
1942 2748 2261 2800 scribendam
2294 2747 2649 2816 edendamque

208 2828 483 2876 orationem
525 2844 618 2893 pro
664 2826 733 2873 Μ.
769 2825 1027 2873 Marcello.
1062 2826 1240 2875 Nonne
1272 2842 1592 2894 permagnam
1625 2830 1670 2877 ei
1704 2846 1815 2881 rem
1846 2831 2001 2881 visam
2042 2846 2146 2880 esse
2186 2828 2416 2879 Marcelli
2453 2828 2653 2878 restitu-

206 2910 394 2959 tionem
428 2925 489 2956 ex
523 2906 749 2956 laudatae
784 2905 1017 2972 epistolae
1049 2906 1219 2958 verbis
1243 2909 1566 2976 perspicitur:
1601 2910 1713 2960 noli
1740 2927 1987 2978 quaerere
1994 2928 2014 2972 ,·
2061 2912 2133 2960 ita
2166 2908 2290 2961 mihi
2317 2908 2535 2977 pulcher·
2567 2908 2652 2958 hic

211 3102 273 3146 ιε)
309 3098 385 3147 Qui
403 3096 579 3132 curiosius
597 3097 638 3131 in
657 3106 736 3130 eam
755 3106 832 3130 rem
863 3097 1051 3143 inquirere
1075 3097 1260 3141 voluerit,
1288 3104 1375 3135 aute
1396 3097 1519 3135 omnia
1539 3096 1642 3140 adire
1659 3099 1804 3146 peterit
1825 3101 2031 3136 orationem
2050 3102 2090 3137 in
2109 3102 2149 3142 P.
2167 3102 2339 3142 Clodium
2366 3110 2405 3142 et
2430 3106 2651 3149 Curionem,

309 3158 357 3194 de
374 3169 447 3205 qua
466 3155 611 3190 Tunius
633 3154 725 3190 haee
744 3154 856 3190 refert
875 3154 924 3191 ad
943 3155 1024 3191 Διὶ.
1045 3158 1110 3193 111.
1136 3164 1195 3197 12.
1225 3159 1468 3202 ,‚Percussisti
1500 3168 1559 3192 me
1584 3158 1697 3194 etiam
1713 3158 1760 3194 de
1777 3161 1947 3195 oratione
1963 3161 2123 3206 prolata,
2170 3163 2239 3199 Cui
2262 3166 2422 3210 vulneri,
2444 3172 2488 3203 ut
2506 3168 2638 3204 scribis

308 3215 466 3258 medere,
485 3215 517 3250 si
532 3213 622 3262 quid
636 3219 756 3260 potes.
781 3214 919 3261 Scripsi
939 3215 1112 3261 equidem
1131 3218 1223 3253 olim
1239 3217 1476 3265 iratus,quod
1487 3217 1552 3252 ille
1562 3219 1665 3262 prior
1681 3219 1895 3264 scripseram
1908 3220 1971 3254 sed
1987 3223 2041 3255 ita
2059 3233 2355 3268 compresseram,
2375 3231 2420 3260 ut
2443 3198 2651 3280 numqua:

310 3280 538 3313 manaturum
558 3278 735 3319 putarem.
762 3273 849 3320 Quo
864 3270 976 3308 modo
1000 3273 1180 3310 exciderit
1207 3277 1343 3312 nescio.
1396 3274 1469 3311 Sed
1494 3276 1581 3323 quia
1603 3287 1803 3324 numquam
1837 3277 1994 3322 accidit,
2021 3286 2064 3315 ut
2085 3293 2168 3318 cum
2201 3294 2246 3318 eo
2262 3284 2384 3320 verbo
2404 3298 2481 3322 uno
2499 3298 2646 3323 concer-

311 3341 447 3380 tarem3
472 3339 511 3368 et
529 3334 615 3381 quia
630 3333 766 3378 scripta
790 3332 883 3368 mihi
908 3331 1055 3368 videtur
1072 3334 1331 3383 negligentius,
1353 3347 1465 3384 qum
1481 3339 1648 3383 πίστιες
1682 3342 1777 3384 puto
1799 3348 1907 3385 posse
1935 3339 2107 3387 probari,
2132 3353 2211 3379 uon
2238 3355 2318 3380 eene
2347 3357 2482 3384 neam.
2508 3334 2511 3335 ⁷
2533 3346 2598 3390 Id,
2622 3348 2653 3381 si

314 3401 434 3441 putas,
460 3405 518 3431 me
542 3404 648 3441 posse
674 3394 805 3437 sanari,
832 3403 939 3429 cures
961 3393 1120 3434 κωκυ(

2359 3475 2393 3524 2
