<?xml version="1.0" encoding="UTF-8"?>
<!DOCTYPE html PUBLIC "-//W3C//DTD XHTML 1.0 Transitional//EN"
    "http://www.w3.org/TR/xhtml1/DTD/xhtml1-transitional.dtd">
<html xmlns="http://www.w3.org/1999/xhtml" xml:lang="en" lang="en">
 <head>
  <title>
</title>
<meta http-equiv="Content-Type" content="text/html;charset=utf-8" />
  <meta name='ocr-system' content='tesseract 3.04.00' />
  <meta name='ocr-capabilities' content='ocr_page ocr_carea ocr_par ocr_line ocrx_word'/>
</head>
<body>
  <div class='ocr_page' id='page_1' title='image "4766177_0041.png"; bbox 0 0 3007 3888; ppageno 0'>
   <div class='ocr_carea' id='block_1_1' title="bbox 0 0 203 129">
    <p class='ocr_par' dir='ltr' id='par_1_1' title="bbox 0 0 203 129">
     <span class='ocr_line' id='line_1_1' title="bbox 0 0 203 129; baseline 0 3759"><span class='ocrx_word' id='word_1_1' title='bbox 0 0 203 129; x_wconf 95' lang='lat' dir='ltr'><strong> </strong></span> 
     </span>
    </p>
   </div>
   <div class='ocr_carea' id='block_1_2' title="bbox 182 255 2728 3366">
    <p class='ocr_par' dir='ltr' id='par_1_2' title="bbox 229 255 2728 460">
     <span class='ocr_line' id='line_1_2' title="bbox 2707 255 2728 275; baseline 0 0"><span class='ocrx_word' id='word_1_2' title='bbox 2707 255 2728 275; x_wconf 67' lang='grc' dir='ltr'><strong>,ι</strong></span> 
     </span>
     <span class='ocr_line' id='line_1_3' title="bbox 232 289 2695 368; baseline -0.007 -6"><span class='ocrx_word' id='word_1_3' title='bbox 232 289 427 362; x_wconf 75' lang='lat' dir='ltr'><strong>tionem</strong></span> <span class='ocrx_word' id='word_1_4' title='bbox 457 316 511 359; x_wconf 81' lang='lat' dir='ltr'><strong>e&#39;t</strong></span> <span class='ocrx_word' id='word_1_5' title='bbox 543 322 771 357; x_wconf 75' lang='lat' dir='ltr'><strong>sensum</strong></span> <span class='ocrx_word' id='word_1_6' title='bbox 763 302 1077 354; x_wconf 84' lang='lat' dir='ltr'><strong>obscurum</strong></span> <span class='ocrx_word' id='word_1_7' title='bbox 1069 298 1290 352; x_wconf 65' lang='lat' dir='ltr'><strong>liabent.</strong></span> <span class='ocrx_word' id='word_1_8' title='bbox 1323 299 1652 368; x_wconf 78' lang='lat' dir='ltr'><strong>Quapropter</strong></span> <span class='ocrx_word' id='word_1_9' title='bbox 1682 298 1831 347; x_wconf 85' lang='lat' dir='ltr'><strong>uncis</strong></span> <span class='ocrx_word' id='word_1_10' title='bbox 1864 314 1922 347; x_wconf 87' lang='lat' dir='ltr'><strong>ea</strong></span> <span class='ocrx_word' id='word_1_11' title='bbox 1956 296 2281 360; x_wconf 86' lang='lat' dir='ltr'><strong>inclusimus;</strong></span> <span class='ocrx_word' id='word_1_12' title='bbox 2315 305 2469 365; x_wconf 74' lang='lat' dir='ltr'><strong>atque</strong></span> <span class='ocrx_word' id='word_1_13' title='bbox 2503 295 2601 345; x_wconf 81' lang='lat' dir='ltr'><strong>hoc</strong></span> <span class='ocrx_word' id='word_1_14' title='bbox 2633 311 2695 345; x_wconf 86' lang='lat' dir='ltr'><strong>eo</strong></span> 
     </span>
     <span class='ocr_line' id='line_1_4' title="bbox 229 377 2695 460; baseline -0.006 -18"><span class='ocrx_word' id='word_1_15' title='bbox 229 391 406 460; x_wconf 60' lang='lat' dir='ltr'><strong>mgis,</strong></span> <span class='ocrx_word' id='word_1_16' title='bbox 441 387 593 458; x_wconf 89' lang='lat' dir='ltr'><strong>quod</strong></span> <span class='ocrx_word' id='word_1_17' title='bbox 617 386 813 438; x_wconf 78' lang='lat' dir='ltr'><strong>fontem</strong></span> <span class='ocrx_word' id='word_1_18' title='bbox 843 385 1257 453; x_wconf 71' lang='lat' dir='ltr'><strong>interpolationis</strong></span> <span class='ocrx_word' id='word_1_19' title='bbox 1270 383 1546 458; x_wconf 79' lang='lat' dir='ltr'><strong>reperisse</strong></span> <span class='ocrx_word' id='word_1_20' title='bbox 1544 380 1690 431; x_wconf 87' lang='lat' dir='ltr'><strong>nobis</strong></span> <span class='ocrx_word' id='word_1_21' title='bbox 1721 378 2037 441; x_wconf 81' lang='lat' dir='ltr'><strong>videbamur,</strong></span> <span class='ocrx_word' id='word_1_22' title='bbox 2091 380 2144 428; x_wconf 91' lang='lat' dir='ltr'><strong>in</strong></span> <span class='ocrx_word' id='word_1_23' title='bbox 2175 380 2558 439; x_wconf 67' lang='lat' dir='ltr'><strong>Pison„c.12.</strong></span> <span class='ocrx_word' id='word_1_24' title='bbox 2609 377 2695 437; x_wconf 85' lang='lat' dir='ltr'><strong>„Si</strong></span> 
     </span>
    </p>

    <p class='ocr_par' dir='ltr' id='par_1_3' title="bbox 228 458 2699 761">
     <span class='ocr_line' id='line_1_5' title="bbox 228 458 2699 541; baseline -0.006 -19.365"><span class='ocrx_word' id='word_1_25' title='bbox 228 469 670 541; x_wconf 46' lang='lat' dir='ltr'><strong>&amp;provinciam</strong></span> <span class='ocrx_word' id='word_1_26' title='bbox 693 467 734 517; x_wconf 78' lang='lat' dir='ltr'><strong>si</strong></span> <span class='ocrx_word' id='word_1_27' title='bbox 751 467 1044 527; x_wconf 79' lang='lat' dir='ltr'><strong>exercitum,</strong></span> <span class='ocrx_word' id='word_1_28' title='bbox 1066 465 1105 515; x_wconf 76' lang='lat' dir='ltr'><strong>si</strong></span> <span class='ocrx_word' id='word_1_29' title='bbox 1130 465 1403 534; x_wconf 71' lang='lat' dir='ltr'><strong>pecuniam</strong></span> <span class='ocrx_word' id='word_1_30' title='bbox 1432 472 1656 532; x_wconf 80' lang='lat' dir='ltr'><strong>ereptam</strong></span> <span class='ocrx_word' id='word_1_31' title='bbox 1688 478 1762 510; x_wconf 81' lang='lat' dir='ltr'><strong>ex</strong></span> <span class='ocrx_word' id='word_1_32' title='bbox 1794 461 2104 528; x_wconf 82' lang='lat' dir='ltr'><strong>reipublicae</strong></span> <span class='ocrx_word' id='word_1_33' title='bbox 2120 459 2409 515; x_wconf 72' lang='lat' dir='ltr'><strong>visceribus</strong></span> <span class='ocrx_word' id='word_1_34' title='bbox 2428 458 2699 510; x_wconf 65' lang='lat' dir='ltr'><strong>dedisset-⁶t</strong></span> 
     </span>
     <span class='ocr_line' id='line_1_6' title="bbox 231 541 2695 622; baseline -0.006 -18"><span class='ocrx_word' id='word_1_35' title='bbox 231 548 398 620; x_wconf 68' lang='lat' dir='ltr'><strong>Quae·</strong></span> <span class='ocrx_word' id='word_1_36' title='bbox 419 552 648 622; x_wconf 72' lang='lat' dir='ltr'><strong>primum</strong></span> <span class='ocrx_word' id='word_1_37' title='bbox 676 549 732 599; x_wconf 84' lang='lat' dir='ltr'><strong>in</strong></span> <span class='ocrx_word' id='word_1_38' title='bbox 770 564 994 620; x_wconf 59' lang='lat' dir='ltr'><strong>magiae</strong></span> <span class='ocrx_word' id='word_1_39' title='bbox 1034 545 1302 614; x_wconf 74' lang='lat' dir='ltr'><strong>adscripta,</strong></span> <span class='ocrx_word' id='word_1_40' title='bbox 1334 543 1538 620; x_wconf 74' lang='lat' dir='ltr'><strong>deinde</strong></span> <span class='ocrx_word' id='word_1_41' title='bbox 1552 551 1793 613; x_wconf 84' lang='lat' dir='ltr'><strong>corrupta</strong></span> <span class='ocrx_word' id='word_1_42' title='bbox 1826 552 1877 593; x_wconf 88' lang='lat' dir='ltr'><strong>et</strong></span> <span class='ocrx_word' id='word_1_43' title='bbox 1909 541 2183 592; x_wconf 83' lang='lat' dir='ltr'><strong>mutilata</strong></span> <span class='ocrx_word' id='word_1_44' title='bbox 2170 560 2223 592; x_wconf 90' lang='grc' dir='ltr'><strong>ιιι</strong></span> <span class='ocrx_word' id='word_1_45' title='bbox 2262 551 2458 592; x_wconf 84' lang='lat' dir='ltr'><strong>textum</strong></span> <span class='ocrx_word' id='word_1_46' title='bbox 2489 547 2695 608; x_wconf 84' lang='lat' dir='ltr'><strong>recepta</strong></span> 
     </span>
     <span class='ocr_line' id='line_1_7' title="bbox 231 614 2694 697; baseline -0.004 -16"><span class='ocrx_word' id='word_1_47' title='bbox 231 645 338 683; x_wconf 81' lang='lat' dir='ltr'><strong>esse</strong></span> <span class='ocrx_word' id='word_1_48' title='bbox 369 629 699 697; x_wconf 74' lang='lat' dir='ltr'><strong>suspicamur.</strong></span> <span class='ocrx_word' id='word_1_49' title='bbox 740 627 869 678; x_wconf 79' lang='lat' dir='ltr'><strong>Nam</strong></span> <span class='ocrx_word' id='word_1_50' title='bbox 899 624 1109 694; x_wconf 80' lang='lat' dir='ltr'><strong>plurimi</strong></span> <span class='ocrx_word' id='word_1_51' title='bbox 1143 622 1343 674; x_wconf 84' lang='lat' dir='ltr'><strong>codices</strong></span> <span class='ocrx_word' id='word_1_52' title='bbox 1373 614 1469 692; x_wconf 85' lang='lat' dir='ltr'><strong>pro</strong></span> <span class='ocrx_word' id='word_1_53' title='bbox 1500 624 1562 674; x_wconf 79' lang='lat' dir='ltr'><strong>vi</strong></span> <span class='ocrx_word' id='word_1_54' title='bbox 1602 640 1675 674; x_wconf 81' lang='lat' dir='ltr'><strong>ex</strong></span> <span class='ocrx_word' id='word_1_55' title='bbox 1725 623 1982 673; x_wconf 85' lang='lat' dir='ltr'><strong>Caesaris·</strong></span> <span class='ocrx_word' id='word_1_56' title='bbox 2013 621 2201 672; x_wconf 80' lang='lat' dir='ltr'><strong>habent</strong></span> <span class='ocrx_word' id='word_1_57' title='bbox 2241 639 2314 672; x_wconf 78' lang='lat' dir='ltr'><strong>ex</strong></span> <span class='ocrx_word' id='word_1_58' title='bbox 2343 626 2403 673; x_wconf 83' lang='lat' dir='ltr'><strong>vi</strong></span> <span class='ocrx_word' id='word_1_59' title='bbox 2454 623 2694 673; x_wconf 78' lang='lat' dir='ltr'><strong>caesaris</strong></span> 
     </span>
     <span class='ocr_line' id='line_1_8' title="bbox 231 705 1361 769; baseline -0.009 -8"><span class='ocrx_word' id='word_1_60' title='bbox 231 710 406 769; x_wconf 69' lang='lat' dir='ltr'><strong>rebus,</strong></span> <span class='ocrx_word' id='word_1_61' title='bbox 442 710 473 759; x_wconf 87' lang='lat' dir='ltr'><strong>i.</strong></span> <span class='ocrx_word' id='word_1_62' title='bbox 509 724 580 769; x_wconf 90' lang='lat' dir='ltr'><strong>e.‚</strong></span> <span class='ocrx_word' id='word_1_63' title='bbox 613 724 687 759; x_wconf 79' lang='lat' dir='ltr'><strong>ex</strong></span> <span class='ocrx_word' id='word_1_64' title='bbox 715 705 1021 758; x_wconf 76' lang='lat' dir='ltr'><strong>visceribus.</strong></span> <span class='ocrx_word' id='word_1_65' title='bbox 1148 734 1151 740; x_wconf 90' lang='lat'><em>·</em></span> <span class='ocrx_word' id='word_1_66' title='bbox 1330 709 1361 736; x_wconf 70' lang='lat'><strong>⁹</strong></span> 
     </span>
    </p>

    <p class='ocr_par' dir='ltr' id='par_1_4' title="bbox 232 784 2690 939">
     <span class='ocr_line' id='line_1_9' title="bbox 364 784 2690 856; baseline -0.002 -16"><span class='ocrx_word' id='word_1_67' title='bbox 364 789 421 839; x_wconf 86' lang='lat' dir='ltr'><strong>C.</strong></span> <span class='ocrx_word' id='word_1_68' title='bbox 457 790 536 840; x_wconf 85' lang='lat'><strong>38.</strong></span> <span class='ocrx_word' id='word_1_69' title='bbox 594 792 896 856; x_wconf 82' lang='lat' dir='ltr'><strong>„·Aequum</strong></span> <span class='ocrx_word' id='word_1_70' title='bbox 912 784 1151 837; x_wconf 81' lang='lat' dir='ltr'><strong>accidisse</strong></span> <span class='ocrx_word' id='word_1_71' title='bbox 1191 785 1376 836; x_wconf 78' lang='lat' dir='ltr'><strong>Maelio</strong></span> <span class='ocrx_word' id='word_1_72' title='bbox 1426 787 1646 853; x_wconf 83' lang='lat' dir='ltr'><strong>populus</strong></span> <span class='ocrx_word' id='word_1_73' title='bbox 1696 786 1952 835; x_wconf 87' lang='lat' dir='ltr'><strong>Romanus</strong></span> <span class='ocrx_word' id='word_1_74' title='bbox 2004 784 2271 835; x_wconf 77' lang='lat' dir='ltr'><strong>iudicavit:</strong></span> <span class='ocrx_word' id='word_1_75' title='bbox 2326 787 2528 835; x_wconf 89' lang='lat' dir='ltr'><strong>nomine</strong></span> <span class='ocrx_word' id='word_1_76' title='bbox 2583 789 2690 853; x_wconf 87' lang='lat' dir='ltr'><strong>ipso</strong></span> 
     </span>
     <span class='ocr_line' id='line_1_10' title="bbox 232 865 2075 939; baseline -0.006 -18"><span class='ocrx_word' id='word_1_77' title='bbox 232 868 567 939; x_wconf 79' lang='lat' dir='ltr'><strong>Aequimaelii</strong></span> <span class='ocrx_word' id='word_1_78' title='bbox 601 867 850 932; x_wconf 83' lang='lat' dir='ltr'><strong>[stultitia]</strong></span> <span class='ocrx_word' id='word_1_79' title='bbox 880 884 1044 935; x_wconf 75' lang='lat' dir='ltr'><strong>poem</strong></span> <span class='ocrx_word' id='word_1_80' title='bbox 1075 865 1400 934; x_wconf 71' lang='lat' dir='ltr'><strong>comprobata</strong></span> <span class='ocrx_word' id='word_1_81' title='bbox 1434 874 1521 913; x_wconf 90' lang='lat' dir='ltr'><strong>est.</strong></span> <span class='ocrx_word' id='word_1_82' title='bbox 1528 873 1559 896; x_wconf 90' lang='lat'><em>“</em></span> <span class='ocrx_word' id='word_1_83' title='bbox 2070 916 2075 921; x_wconf 27' lang='lat'>⁸</span> 
     </span>
    </p>

    <p class='ocr_par' dir='ltr' id='par_1_5' title="bbox 231 924 2686 1096">
     <span class='ocr_line' id='line_1_11' title="bbox 360 924 2686 1014; baseline -0.002 -14"><span class='ocrx_word' id='word_1_84' title='bbox 360 949 554 1011; x_wconf 78' lang='lat' dir='ltr'><strong>Vocem</strong></span> <span class='ocrx_word' id='word_1_85' title='bbox 586 948 809 997; x_wconf 82' lang='lat' dir='ltr'><strong>stultitia</strong></span> <span class='ocrx_word' id='word_1_86' title='bbox 843 965 963 997; x_wconf 88' lang='lat' dir='ltr'><strong>eum</strong></span> <span class='ocrx_word' id='word_1_87' title='bbox 998 947 1211 997; x_wconf 80' lang='lat' dir='ltr'><strong>Graevio</strong></span> <span class='ocrx_word' id='word_1_88' title='bbox 1244 954 1301 995; x_wconf 90' lang='lat' dir='ltr'><strong>et</strong></span> <span class='ocrx_word' id='word_1_89' title='bbox 1329 945 1605 995; x_wconf 82' lang='lat' dir='ltr'><strong>Garatonio</strong></span> <span class='ocrx_word' id='word_1_90' title='bbox 1639 945 1908 996; x_wconf 85' lang='lat' dir='ltr'><strong>delendam</strong></span> <span class='ocrx_word' id='word_1_91' title='bbox 1928 924 2204 1008; x_wconf 85' lang='lat' dir='ltr'><strong>censemus,</strong></span> <span class='ocrx_word' id='word_1_92' title='bbox 2239 965 2346 997; x_wconf 91' lang='lat' dir='ltr'><strong>non</strong></span> <span class='ocrx_word' id='word_1_93' title='bbox 2378 955 2686 1014; x_wconf 84' lang='lat' dir='ltr'><strong>repugnante</strong></span> 
     </span>
     <span class='ocr_line' id='line_1_12' title="bbox 231 1025 1943 1096; baseline -0.005 -14"><span class='ocrx_word' id='word_1_94' title='bbox 231 1028 548 1082; x_wconf 70' lang='lat' dir='ltr'><strong>Marklando.</strong></span> <span class='ocrx_word' id='word_1_95' title='bbox 582 1029 660 1078; x_wconf 90' lang='lat' dir='ltr'><strong>De</strong></span> <span class='ocrx_word' id='word_1_96' title='bbox 693 1027 904 1096; x_wconf 85' lang='lat' dir='ltr'><strong>reliquis</strong></span> <span class='ocrx_word' id='word_1_97' title='bbox 934 1027 1068 1087; x_wconf 77' lang='lat' dir='ltr'><strong>vide,</strong></span> <span class='ocrx_word' id='word_1_98' title='bbox 1103 1043 1234 1094; x_wconf 82' lang='lat' dir='ltr'><strong>quae</strong></span> <span class='ocrx_word' id='word_1_99' title='bbox 1267 1025 1518 1095; x_wconf 85' lang='lat' dir='ltr'><strong>disputata</strong></span> <span class='ocrx_word' id='word_1_100' title='bbox 1550 1035 1667 1075; x_wconf 89' lang='lat' dir='ltr'><strong>sunt</strong></span> <span class='ocrx_word' id='word_1_101' title='bbox 1698 1045 1748 1093; x_wconf 86' lang='lat' dir='ltr'><strong>p.</strong></span> <span class='ocrx_word' id='word_1_102' title='bbox 1781 1026 1943 1078; x_wconf 86' lang='lat' dir='ltr'><strong>XVII.</strong></span> 
     </span>
    </p>

    <p class='ocr_par' dir='ltr' id='par_1_6' title="bbox 231 1107 2691 1258">
     <span class='ocr_line' id='line_1_13' title="bbox 295 1107 2691 1178; baseline 0 -20"><span class='ocrx_word' id='word_1_103' title='bbox 295 1141 300 1145; x_wconf 91' lang='lat'>-</span> <span class='ocrx_word' id='word_1_104' title='bbox 361 1109 421 1159; x_wconf 87' lang='lat' dir='ltr'><strong>C.</strong></span> <span class='ocrx_word' id='word_1_105' title='bbox 457 1108 502 1158; x_wconf 85' lang='grc'><strong>5.</strong></span> <span class='ocrx_word' id='word_1_106' title='bbox 537 1109 910 1171; x_wconf 81' lang='lat' dir='ltr'><strong>„Frumentum</strong></span> <span class='ocrx_word' id='word_1_107' title='bbox 942 1108 1231 1176; x_wconf 80' lang='lat' dir='ltr'><strong>provinciae</strong></span> <span class='ocrx_word' id='word_1_108' title='bbox 1272 1107 1631 1156; x_wconf 78' lang='lat' dir='ltr'><strong>frumentariae</strong></span> <span class='ocrx_word' id='word_1_109' title='bbox 1679 1107 1864 1174; x_wconf 90' lang='lat' dir='ltr'><strong>partim</strong></span> <span class='ocrx_word' id='word_1_110' title='bbox 1911 1125 2015 1156; x_wconf 88' lang='lat' dir='ltr'><strong>non</strong></span> <span class='ocrx_word' id='word_1_111' title='bbox 2070 1107 2344 1172; x_wconf 85' lang='lat' dir='ltr'><strong>habebant3</strong></span> <span class='ocrx_word' id='word_1_112' title='bbox 2395 1110 2582 1178; x_wconf 85' lang='lat' dir='ltr'><strong>partim</strong></span> <span class='ocrx_word' id='word_1_113' title='bbox 2638 1110 2691 1158; x_wconf 89' lang='lat' dir='ltr'><strong>in</strong></span> 
     </span>
     <span class='ocr_line' id='line_1_14' title="bbox 231 1189 2011 1258; baseline -0.004 -15"><span class='ocrx_word' id='word_1_114' title='bbox 231 1194 351 1243; x_wconf 77' lang='lat' dir='ltr'><strong>alias</strong></span> <span class='ocrx_word' id='word_1_115' title='bbox 383 1201 560 1251; x_wconf 74' lang='lat' dir='ltr'><strong>terras,</strong></span> <span class='ocrx_word' id='word_1_116' title='bbox 596 1190 768 1250; x_wconf 87' lang='lat' dir='ltr'><strong>credo,</strong></span> <span class='ocrx_word' id='word_1_117' title='bbox 800 1199 1010 1258; x_wconf 90' lang='lat' dir='ltr'><strong>propter</strong></span> <span class='ocrx_word' id='word_1_118' title='bbox 1041 1191 1334 1240; x_wconf 82' lang='lat' dir='ltr'><strong>varietatem</strong></span> <span class='ocrx_word' id='word_1_119' title='bbox 1363 1189 1692 1239; x_wconf 75' lang='lat' dir='ltr'><strong>venditorum</strong></span> <span class='ocrx_word' id='word_1_120' title='bbox 1722 1190 2011 1237; x_wconf 88' lang='lat' dir='ltr'><strong>miserant.“</strong></span> 
     </span>
    </p>

    <p class='ocr_par' dir='ltr' id='par_1_7' title="bbox 227 1269 2709 1828">
     <span class='ocr_line' id='line_1_15' title="bbox 366 1269 2691 1339; baseline -0.002 -14"><span class='ocrx_word' id='word_1_121' title='bbox 366 1275 427 1325; x_wconf 89' lang='lat' dir='ltr'><em>V</em></span> <span class='ocrx_word' id='word_1_122' title='bbox 418 1277 611 1324; x_wconf 81' lang='lat' dir='ltr'><strong>arietas</strong></span> <span class='ocrx_word' id='word_1_123' title='bbox 643 1271 691 1320; x_wconf 81' lang='lat' dir='ltr'><strong>h.</strong></span> <span class='ocrx_word' id='word_1_124' title='bbox 728 1271 762 1319; x_wconf 86' lang='lat' dir='ltr'><strong>l.</strong></span> <span class='ocrx_word' id='word_1_125' title='bbox 795 1288 890 1339; x_wconf 90' lang='lat' dir='ltr'><strong>pro</strong></span> <span class='ocrx_word' id='word_1_126' title='bbox 924 1273 1269 1321; x_wconf 72' lang='lat' dir='ltr'><strong>inconstantia</strong></span> <span class='ocrx_word' id='word_1_127' title='bbox 1302 1271 1524 1338; x_wconf 86' lang='lat' dir='ltr'><strong>ponitur,</strong></span> <span class='ocrx_word' id='word_1_128' title='bbox 1559 1271 1632 1319; x_wconf 87' lang='lat' dir='ltr'><strong>uti</strong></span> <span class='ocrx_word' id='word_1_129' title='bbox 1667 1269 1734 1319; x_wconf 90' lang='lat' dir='ltr'><strong>ad</strong></span> <span class='ocrx_word' id='word_1_130' title='bbox 1748 1271 1848 1318; x_wconf 84' lang='lat' dir='ltr'><strong>Att.</strong></span> <span class='ocrx_word' id='word_1_131' title='bbox 1886 1272 1925 1329; x_wconf 88' lang='grc' dir='ltr'><strong>Ι,</strong></span> <span class='ocrx_word' id='word_1_132' title='bbox 1959 1289 2030 1333; x_wconf 88' lang='lat'><strong>17.</strong></span> <span class='ocrx_word' id='word_1_133' title='bbox 2065 1272 2282 1338; x_wconf 82' lang='lat' dir='ltr'><strong>„Magna</strong></span> <span class='ocrx_word' id='word_1_134' title='bbox 2314 1270 2439 1321; x_wconf 87' lang='lat' dir='ltr'><strong>mihi</strong></span> <span class='ocrx_word' id='word_1_135' title='bbox 2476 1272 2691 1321; x_wconf 74' lang='lat' dir='ltr'><strong>varietas</strong></span> 
     </span>
     <span class='ocr_line' id='line_1_16' title="bbox 228 1350 2709 1420; baseline -0.002 -11"><span class='ocrx_word' id='word_1_136' title='bbox 228 1356 499 1409; x_wconf 73' lang='lat' dir='ltr'><strong>voluntatis</strong></span> <span class='ocrx_word' id='word_1_137' title='bbox 527 1362 578 1404; x_wconf 91' lang='lat' dir='ltr'><strong>et</strong></span> <span class='ocrx_word' id='word_1_138' title='bbox 598 1351 955 1417; x_wconf 60' lang='lat' dir='ltr'><strong>dissimilitudo</strong></span> <span class='ocrx_word' id='word_1_139' title='bbox 971 1352 1222 1420; x_wconf 78' lang='lat' dir='ltr'><strong>opinionis</strong></span> <span class='ocrx_word' id='word_1_140' title='bbox 1237 1368 1296 1402; x_wconf 85' lang='lat' dir='ltr'><strong>ac</strong></span> <span class='ocrx_word' id='word_1_141' title='bbox 1311 1350 1485 1400; x_wconf 89' lang='lat' dir='ltr'><strong>iudicii</strong></span> <span class='ocrx_word' id='word_1_142' title='bbox 1501 1350 1679 1415; x_wconf 90' lang='lat' dir='ltr'><strong>Quinti</strong></span> <span class='ocrx_word' id='word_1_143' title='bbox 1695 1350 1864 1401; x_wconf 87' lang='lat' dir='ltr'><strong>fratris</strong></span> <span class='ocrx_word' id='word_1_144' title='bbox 1881 1351 1979 1401; x_wconf 83' lang='lat' dir='ltr'><strong>mei</strong></span> <span class='ocrx_word' id='word_1_145' title='bbox 1997 1351 2335 1403; x_wconf 82' lang='lat' dir='ltr'><strong>demonstrata</strong></span> <span class='ocrx_word' id='word_1_146' title='bbox 2346 1361 2419 1403; x_wconf 89' lang='lat' dir='ltr'><strong>est</strong></span> <span class='ocrx_word' id='word_1_147' title='bbox 2435 1370 2497 1403; x_wconf 84' lang='lat' dir='ltr'><strong>ex</strong></span> <span class='ocrx_word' id='word_1_148' title='bbox 2509 1353 2709 1403; x_wconf 66' lang='lat' dir='ltr'><strong>litterisx</strong></span> 
     </span>
     <span class='ocr_line' id='line_1_17' title="bbox 228 1430 2691 1503; baseline -0.002 -14"><span class='ocrx_word' id='word_1_149' title='bbox 228 1438 379 1492; x_wconf 56' lang='lat' dir='ltr'><strong>wisf‘</strong></span> <span class='ocrx_word' id='word_1_150' title='bbox 399 1437 512 1487; x_wconf 81' lang='lat' dir='ltr'><strong>Non</strong></span> <span class='ocrx_word' id='word_1_151' title='bbox 546 1444 653 1487; x_wconf 80' lang='lat' dir='ltr'><strong>erat</strong></span> <span class='ocrx_word' id='word_1_152' title='bbox 675 1434 842 1503; x_wconf 83' lang='lat' dir='ltr'><strong>igitur,</strong></span> <span class='ocrx_word' id='word_1_153' title='bbox 881 1433 1024 1502; x_wconf 88' lang='lat' dir='ltr'><strong>quod</strong></span> <span class='ocrx_word' id='word_1_154' title='bbox 1101 1430 1250 1483; x_wconf 80' lang='lat' dir='ltr'><strong>olfius</strong></span> <span class='ocrx_word' id='word_1_155' title='bbox 1282 1441 1525 1492; x_wconf 89' lang='lat' dir='ltr'><strong>moneret,</strong></span> <span class='ocrx_word' id='word_1_156' title='bbox 1542 1447 1745 1481; x_wconf 90' lang='lat' dir='ltr'><strong>sensum</strong></span> <span class='ocrx_word' id='word_1_157' title='bbox 1768 1432 2044 1482; x_wconf 89' lang='lat' dir='ltr'><strong>obscurum</strong></span> <span class='ocrx_word' id='word_1_158' title='bbox 2059 1431 2206 1483; x_wconf 86' lang='lat' dir='ltr'><strong>reddi</strong></span> <span class='ocrx_word' id='word_1_159' title='bbox 2228 1433 2457 1502; x_wconf 83' lang='lat' dir='ltr'><strong>imperite</strong></span> <span class='ocrx_word' id='word_1_160' title='bbox 2490 1442 2691 1503; x_wconf 86' lang='lat' dir='ltr'><strong>arrepta</strong></span> 
     </span>
     <span class='ocr_line' id='line_1_18' title="bbox 229 1514 2694 1583; baseline -0.002 -14"><span class='ocrx_word' id='word_1_161' title='bbox 229 1528 319 1570; x_wconf 75' lang='lat' dir='ltr'><strong>ant</strong></span> <span class='ocrx_word' id='word_1_162' title='bbox 347 1519 516 1568; x_wconf 83' lang='lat' dir='ltr'><strong>minus</strong></span> <span class='ocrx_word' id='word_1_163' title='bbox 552 1518 730 1566; x_wconf 88' lang='lat' dir='ltr'><strong>usitata</strong></span> <span class='ocrx_word' id='word_1_164' title='bbox 761 1515 905 1565; x_wconf 77' lang='lat' dir='ltr'><strong>verbi</strong></span> <span class='ocrx_word' id='word_1_165' title='bbox 938 1514 1309 1581; x_wconf 81' lang='lat' dir='ltr'><strong>significatione,</strong></span> <span class='ocrx_word' id='word_1_166' title='bbox 1322 1531 1484 1583; x_wconf 92' lang='lat' dir='ltr'><strong>quum</strong></span> <span class='ocrx_word' id='word_1_167' title='bbox 1498 1515 1792 1582; x_wconf 89' lang='lat' dir='ltr'><strong>praesertim</strong></span> <span class='ocrx_word' id='word_1_168' title='bbox 1825 1516 1929 1583; x_wconf 91' lang='lat' dir='ltr'><strong>ipse</strong></span> <span class='ocrx_word' id='word_1_169' title='bbox 1963 1514 2213 1564; x_wconf 84' lang='lat' dir='ltr'><strong>laudasset</strong></span> <span class='ocrx_word' id='word_1_170' title='bbox 2223 1515 2451 1583; x_wconf 85' lang='lat' dir='ltr'><strong>Virgilii:</strong></span> <span class='ocrx_word' id='word_1_171' title='bbox 2484 1517 2694 1565; x_wconf 79' lang='lat' dir='ltr'><strong>varium</strong></span> 
     </span>
     <span class='ocr_line' id='line_1_19' title="bbox 227 1593 2692 1665; baseline -0.002 -14"><span class='ocrx_word' id='word_1_172' title='bbox 227 1611 282 1652; x_wconf 80' lang='lat' dir='ltr'><strong>et</strong></span> <span class='ocrx_word' id='word_1_173' title='bbox 313 1599 555 1650; x_wconf 81' lang='lat' dir='ltr'><strong>mutabile</strong></span> <span class='ocrx_word' id='word_1_174' title='bbox 586 1613 784 1665; x_wconf 79' lang='lat' dir='ltr'><strong>semper·</strong></span> <span class='ocrx_word' id='word_1_175' title='bbox 802 1597 1058 1665; x_wconf 83' lang='lat' dir='ltr'><strong>foemina.</strong></span> <span class='ocrx_word' id='word_1_176' title='bbox 1092 1593 1264 1659; x_wconf 86' lang='lat' dir='ltr'><strong>Quid!</strong></span> <span class='ocrx_word' id='word_1_177' title='bbox 1301 1594 1443 1662; x_wconf 90' lang='lat' dir='ltr'><strong>quod</strong></span> <span class='ocrx_word' id='word_1_178' title='bbox 1475 1605 1588 1661; x_wconf 89' lang='lat' dir='ltr'><strong>post</strong></span> <span class='ocrx_word' id='word_1_179' title='bbox 1619 1596 1843 1646; x_wconf 88' lang='lat' dir='ltr'><strong>reditum</strong></span> <span class='ocrx_word' id='word_1_180' title='bbox 1875 1598 1928 1646; x_wconf 90' lang='lat' dir='ltr'><strong>in</strong></span> <span class='ocrx_word' id='word_1_181' title='bbox 1959 1597 2160 1658; x_wconf 88' lang='lat' dir='ltr'><strong>Senatu,</strong></span> <span class='ocrx_word' id='word_1_182' title='bbox 2198 1599 2247 1660; x_wconf 66' lang='lat'><strong>5.</strong></span> <span class='ocrx_word' id='word_1_183' title='bbox 2282 1615 2361 1646; x_wconf 82' lang='lat'><strong>21.</strong></span> <span class='ocrx_word' id='word_1_184' title='bbox 2397 1613 2502 1647; x_wconf 90' lang='lat' dir='ltr'><strong>non</strong></span> <span class='ocrx_word' id='word_1_185' title='bbox 2536 1597 2692 1647; x_wconf 83' lang='lat' dir='ltr'><strong>offen-</strong></span> 
     </span>
     <span class='ocr_line' id='line_1_20' title="bbox 230 1674 2693 1749; baseline -0.002 -17"><span class='ocrx_word' id='word_1_186' title='bbox 230 1681 308 1732; x_wconf 84' lang='lat' dir='ltr'><strong>dit</strong></span> <span class='ocrx_word' id='word_1_187' title='bbox 336 1677 877 1749; x_wconf 80' lang='lat' dir='ltr'><strong>nequeMarklandum</strong></span> <span class='ocrx_word' id='word_1_188' title='bbox 908 1694 1076 1745; x_wconf 89' lang='lat' dir='ltr'><strong>neque</strong></span> <span class='ocrx_word' id='word_1_189' title='bbox 1110 1674 1357 1728; x_wconf 85' lang='lat' dir='ltr'><strong>Wolfium</strong></span> <span class='ocrx_word' id='word_1_190' title='bbox 1389 1675 1622 1742; x_wconf 81' lang='lat' dir='ltr'><strong>loquutio</strong></span> <span class='ocrx_word' id='word_1_191' title='bbox 1657 1678 1763 1726; x_wconf 90' lang='lat' dir='ltr'><strong>illa:</strong></span> <span class='ocrx_word' id='word_1_192' title='bbox 1801 1696 1955 1745; x_wconf 87' lang='lat' dir='ltr'><strong>quam</strong></span> <span class='ocrx_word' id='word_1_193' title='bbox 1990 1695 2094 1727; x_wconf 88' lang='lat' dir='ltr'><strong>non</strong></span> <span class='ocrx_word' id='word_1_194' title='bbox 2125 1683 2309 1728; x_wconf 82' lang='lat' dir='ltr'><strong>varius</strong></span> <span class='ocrx_word' id='word_1_195' title='bbox 2351 1680 2403 1743; x_wconf 91' lang='lat' dir='ltr'><strong>(i.</strong></span> <span class='ocrx_word' id='word_1_196' title='bbox 2448 1697 2489 1728; x_wconf 87' lang='lat' dir='ltr'><strong>e.</strong></span> <span class='ocrx_word' id='word_1_197' title='bbox 2536 1696 2693 1746; x_wconf 83' lang='lat' dir='ltr'><strong>quam</strong></span> 
     </span>
     <span class='ocr_line' id='line_1_21' title="bbox 228 1754 2651 1828; baseline -0.003 -16"><span class='ocrx_word' id='word_1_198' title='bbox 228 1763 478 1824; x_wconf 78' lang='lat' dir='ltr'><strong>constans)</strong></span> <span class='ocrx_word' id='word_1_199' title='bbox 498 1760 680 1828; x_wconf 82' lang='lat' dir='ltr'><strong>fuerit</strong></span> <span class='ocrx_word' id='word_1_200' title='bbox 712 1762 766 1808; x_wconf 88' lang='lat' dir='ltr'><strong>in</strong></span> <span class='ocrx_word' id='word_1_201' title='bbox 797 1758 989 1807; x_wconf 70' lang='lat' dir='ltr'><strong>causa-⁴</strong></span> <span class='ocrx_word' id='word_1_202' title='bbox 1007 1759 1081 1806; x_wconf 90' lang='lat' dir='ltr'><strong>Ita</strong></span> <span class='ocrx_word' id='word_1_203' title='bbox 1114 1756 1405 1821; x_wconf 88' lang='lat' dir='ltr'><strong>sibimetipsi</strong></span> <span class='ocrx_word' id='word_1_204' title='bbox 1439 1756 1534 1803; x_wconf 84' lang='lat' dir='ltr'><strong>viri</strong></span> <span class='ocrx_word' id='word_1_205' title='bbox 1569 1754 1840 1804; x_wconf 85' lang='lat' dir='ltr'><strong>doctissimi</strong></span> <span class='ocrx_word' id='word_1_206' title='bbox 1875 1774 1979 1805; x_wconf 91' lang='lat' dir='ltr'><strong>non</strong></span> <span class='ocrx_word' id='word_1_207' title='bbox 2015 1765 2245 1806; x_wconf 83' lang='lat' dir='ltr'><strong>constant</strong></span> <span class='ocrx_word' id='word_1_208' title='bbox 2278 1765 2327 1806; x_wconf 88' lang='lat' dir='ltr'><strong>et</strong></span> <span class='ocrx_word' id='word_1_209' title='bbox 2360 1757 2484 1805; x_wconf 81' lang='lat' dir='ltr'><strong>varii</strong></span> <span class='ocrx_word' id='word_1_210' title='bbox 2520 1766 2651 1805; x_wconf 88' lang='lat' dir='ltr'><strong>sunt.</strong></span> 
     </span>
    </p>

    <p class='ocr_par' dir='ltr' id='par_1_8' title="bbox 228 1834 2692 2070">
     <span class='ocr_line' id='line_1_22' title="bbox 357 1834 2691 1906; baseline -0.002 -16"><span class='ocrx_word' id='word_1_211' title='bbox 357 1840 414 1891; x_wconf 91' lang='lat' dir='ltr'><strong>C.</strong></span> <span class='ocrx_word' id='word_1_212' title='bbox 447 1841 525 1902; x_wconf 74' lang='grc'><strong>40.</strong></span> <span class='ocrx_word' id='word_1_213' title='bbox 563 1838 872 1906; x_wconf 81' lang='lat' dir='ltr'><strong>,‚Adspicite,</strong></span> <span class='ocrx_word' id='word_1_214' title='bbox 906 1834 1475 1905; x_wconf 82' lang='lat' dir='ltr'><strong>adspicite,‘Pontifices‚</strong></span> <span class='ocrx_word' id='word_1_215' title='bbox 1510 1835 1768 1886; x_wconf 89' lang='lat' dir='ltr'><strong>hominem</strong></span> <span class='ocrx_word' id='word_1_216' title='bbox 1797 1838 2099 1904; x_wconf 84' lang='lat' dir='ltr'><strong>religiosum,</strong></span> <span class='ocrx_word' id='word_1_217' title='bbox 2121 1847 2184 1899; x_wconf 91' lang='lat' dir='ltr'><strong>et,</strong></span> <span class='ocrx_word' id='word_1_218' title='bbox 2220 1839 2259 1887; x_wconf 91' lang='lat' dir='ltr'><strong>si</strong></span> <span class='ocrx_word' id='word_1_219' title='bbox 2294 1836 2438 1887; x_wconf 77' lang='lat' dir='ltr'><strong>vobis</strong></span> <span class='ocrx_word' id='word_1_220' title='bbox 2471 1837 2691 1896; x_wconf 78' lang='lat' dir='ltr'><strong>videtur,</strong></span> 
     </span>
     <span class='ocr_line' id='line_1_23' title="bbox 228 1915 2692 1989; baseline -0.001 -19"><span class='ocrx_word' id='word_1_221' title='bbox 228 1919 391 1989; x_wconf 86' lang='lat' dir='ltr'><strong>(quod</strong></span> <span class='ocrx_word' id='word_1_222' title='bbox 423 1927 508 1969; x_wconf 89' lang='lat' dir='ltr'><strong>est·</strong></span> <span class='ocrx_word' id='word_1_223' title='bbox 527 1918 787 1968; x_wconf 86' lang='lat' dir='ltr'><strong>bonorum</strong></span> <span class='ocrx_word' id='word_1_224' title='bbox 803 1915 1124 1981; x_wconf 88' lang='lat' dir='ltr'><strong>Pontificum)</strong></span> <span class='ocrx_word' id='word_1_225' title='bbox 1140 1923 1340 1965; x_wconf 88' lang='lat' dir='ltr'><strong>monete</strong></span> <span class='ocrx_word' id='word_1_226' title='bbox 1373 1933 1506 1977; x_wconf 86' lang='lat' dir='ltr'><strong>eum,</strong></span> <span class='ocrx_word' id='word_1_227' title='bbox 1523 1917 1736 1967; x_wconf 90' lang='lat' dir='ltr'><strong>modum</strong></span> <span class='ocrx_word' id='word_1_228' title='bbox 1768 1918 2025 1986; x_wconf 85' lang='lat' dir='ltr'><strong>quendam</strong></span> <span class='ocrx_word' id='word_1_229' title='bbox 2058 1935 2162 1968; x_wconf 88' lang='lat' dir='ltr'><strong>esse</strong></span> <span class='ocrx_word' id='word_1_230' title='bbox 2193 1917 2461 1986; x_wconf 86' lang='lat' dir='ltr'><strong>religionis,</strong></span> <span class='ocrx_word' id='word_1_231' title='bbox 2475 1917 2692 1968; x_wconf 88' lang='lat' dir='ltr'><strong>nimium</strong></span> 
     </span>
     <span class='ocr_line' id='line_1_24' title="bbox 229 1999 1226 2070; baseline -0.006 -16"><span class='ocrx_word' id='word_1_232' title='bbox 229 2018 335 2054; x_wconf 85' lang='lat' dir='ltr'><strong>esse</strong></span> <span class='ocrx_word' id='word_1_233' title='bbox 367 1999 770 2070; x_wconf 84' lang='lat' dir='ltr'><strong>superstitiosum</strong></span> <span class='ocrx_word' id='word_1_234' title='bbox 803 2015 909 2049; x_wconf 89' lang='lat' dir='ltr'><strong>non</strong></span> <span class='ocrx_word' id='word_1_235' title='bbox 942 2004 1226 2067; x_wconf 88' lang='lat' dir='ltr'><strong>oportere.“</strong></span> 
     </span>
    </p>

    <p class='ocr_par' dir='ltr' id='par_1_9' title="bbox 182 2078 2692 3366">
     <span class='ocr_line' id='line_1_25' title="bbox 359 2078 2685 2149; baseline 0 -17"><span class='ocrx_word' id='word_1_236' title='bbox 359 2083 511 2132; x_wconf 89' lang='lat' dir='ltr'><strong>Hunc</strong></span> <span class='ocrx_word' id='word_1_237' title='bbox 543 2080 716 2131; x_wconf 92' lang='lat' dir='ltr'><strong>locum</strong></span> <span class='ocrx_word' id='word_1_238' title='bbox 747 2079 842 2131; x_wconf 91' lang='lat' dir='ltr'><strong>sibi</strong></span> <span class='ocrx_word' id='word_1_239' title='bbox 870 2088 1165 2149; x_wconf 63' lang='lat' dir='ltr'><strong>,suspectum</strong></span> <span class='ocrx_word' id='word_1_240' title='bbox 1197 2095 1302 2129; x_wconf 85' lang='lat' dir='ltr'><strong>esse</strong></span> <span class='ocrx_word' id='word_1_241' title='bbox 1334 2079 1529 2148; x_wconf 85' lang='lat' dir='ltr'><strong>primus</strong></span> <span class='ocrx_word' id='word_1_242' title='bbox 1565 2078 1839 2130; x_wconf 83' lang='lat' dir='ltr'><strong>declaravit</strong></span> <span class='ocrx_word' id='word_1_243' title='bbox 1871 2078 2164 2130; x_wconf 87' lang='lat' dir='ltr'><strong>Lambinus.</strong></span> <span class='ocrx_word' id='word_1_244' title='bbox 2210 2078 2421 2142; x_wconf 84' lang='lat' dir='ltr'><strong>„Nam,“</strong></span> <span class='ocrx_word' id='word_1_245' title='bbox 2472 2082 2685 2149; x_wconf 88' lang='lat' dir='ltr'><strong>quaerit,</strong></span> 
     </span>
     <span class='ocr_line' id='line_1_26' title="bbox 182 2159 2689 2252; baseline 0 -38"><span class='ocrx_word' id='word_1_246' title='bbox 182 2182 185 2183; x_wconf 46' lang='lat'><em>⁷</em></span> <span class='ocrx_word' id='word_1_247' title='bbox 226 2163 389 2234; x_wconf 87' lang='lat' dir='ltr'><strong>„quid</strong></span> <span class='ocrx_word' id='word_1_248' title='bbox 420 2172 494 2213; x_wconf 89' lang='lat' dir='ltr'><strong>est</strong></span> <span class='ocrx_word' id='word_1_249' title='bbox 526 2162 638 2223; x_wconf 89' lang='lat' dir='ltr'><strong>hoc,</strong></span> <span class='ocrx_word' id='word_1_250' title='bbox 671 2165 884 2212; x_wconf 84' lang='lat' dir='ltr'><strong>nimium</strong></span> <span class='ocrx_word' id='word_1_251' title='bbox 916 2179 1027 2212; x_wconf 85' lang='lat' dir='ltr'><strong>esse</strong></span> <span class='ocrx_word' id='word_1_252' title='bbox 1058 2163 1470 2252; x_wconf 66' lang='lat' dir='ltr'><strong>superstitio-suin</strong></span> <span class='ocrx_word' id='word_1_253' title='bbox 1485 2159 1510 2209; x_wconf 71' lang='lat'>2</span> <span class='ocrx_word' id='word_1_254' title='bbox 1542 2161 1691 2229; x_wconf 85' lang='lat' dir='ltr'><strong>quale</strong></span> <span class='ocrx_word' id='word_1_255' title='bbox 1725 2170 1812 2221; x_wconf 92' lang='lat' dir='ltr'><strong>est,</strong></span> <span class='ocrx_word' id='word_1_256' title='bbox 1848 2165 2002 2211; x_wconf 87' lang='lat' dir='ltr'><strong>nimis</strong></span> <span class='ocrx_word' id='word_1_257' title='bbox 2033 2179 2244 2212; x_wconf 77' lang='lat' dir='ltr'><strong>avarum</strong></span> <span class='ocrx_word' id='word_1_258' title='bbox 2262 2171 2312 2211; x_wconf 88' lang='lat' dir='ltr'><strong>et</strong></span> <span class='ocrx_word' id='word_1_259' title='bbox 2329 2165 2483 2212; x_wconf 86' lang='lat' dir='ltr'><strong>nimis</strong></span> <span class='ocrx_word' id='word_1_260' title='bbox 2513 2167 2689 2214; x_wconf 87' lang='lat' dir='ltr'><strong>intem-</strong></span> 
     </span>
     <span class='ocr_line' id='line_1_27' title="bbox 221 2241 2692 2315; baseline -0.001 -20"><span class='ocrx_word' id='word_1_261' title='bbox 221 2255 492 2315; x_wconf 75' lang='lat' dir='ltr'><strong>pet-antem</strong></span> <span class='ocrx_word' id='word_1_262' title='bbox 524 2262 634 2294; x_wconf 86' lang='lat' dir='ltr'><strong>esse</strong></span> <span class='ocrx_word' id='word_1_263' title='bbox 667 2252 718 2293; x_wconf 85' lang='lat' dir='ltr'><strong>et</strong></span> <span class='ocrx_word' id='word_1_264' title='bbox 747 2243 951 2305; x_wconf 85' lang='lat' dir='ltr'><strong>similia3</strong></span> <span class='ocrx_word' id='word_1_265' title='bbox 986 2260 1090 2311; x_wconf 92' lang='lat' dir='ltr'><strong>quo</strong></span> <span class='ocrx_word' id='word_1_266' title='bbox 1121 2242 1277 2293; x_wconf 88' lang='lat' dir='ltr'><strong>modo</strong></span> <span class='ocrx_word' id='word_1_267' title='bbox 1310 2242 1350 2291; x_wconf 88' lang='lat' dir='ltr'><strong>si</strong></span> <span class='ocrx_word' id='word_1_268' title='bbox 1385 2242 1498 2310; x_wconf 87' lang='lat' dir='ltr'><strong>quis</strong></span> <span class='ocrx_word' id='word_1_269' title='bbox 1531 2242 1785 2310; x_wconf 88' lang='lat' dir='ltr'><strong>loquatur,</strong></span> <span class='ocrx_word' id='word_1_270' title='bbox 1820 2241 2080 2310; x_wconf 85' lang='lat' dir='ltr'><strong>significet,</strong></span> <span class='ocrx_word' id='word_1_271' title='bbox 2113 2244 2297 2292; x_wconf 76' lang='lat' dir='ltr'><strong>vitium</strong></span> <span class='ocrx_word' id='word_1_272' title='bbox 2330 2242 2515 2293; x_wconf 87' lang='lat' dir='ltr'><strong>horum</strong></span> <span class='ocrx_word' id='word_1_273' title='bbox 2548 2243 2692 2293; x_wconf 86' lang='lat' dir='ltr'><strong>habi-</strong></span> 
     </span>
     <span class='ocr_line' id='line_1_28' title="bbox 227 2323 2688 2392; baseline -0.001 -17"><span class='ocrx_word' id='word_1_274' title='bbox 227 2334 379 2376; x_wconf 85' lang='lat' dir='ltr'><strong>tuum</strong></span> <span class='ocrx_word' id='word_1_275' title='bbox 409 2326 545 2375; x_wconf 87' lang='lat' dir='ltr'><strong>nasci</strong></span> <span class='ocrx_word' id='word_1_276' title='bbox 581 2342 644 2374; x_wconf 87' lang='lat' dir='ltr'><strong>ex</strong></span> <span class='ocrx_word' id='word_1_277' title='bbox 674 2341 748 2385; x_wconf 89' lang='lat' dir='ltr'><strong>eo,</strong></span> <span class='ocrx_word' id='word_1_278' title='bbox 784 2323 926 2392; x_wconf 89' lang='lat' dir='ltr'><strong>quod</strong></span> <span class='ocrx_word' id='word_1_279' title='bbox 960 2333 1033 2373; x_wconf 88' lang='lat' dir='ltr'><strong>est</strong></span> <span class='ocrx_word' id='word_1_280' title='bbox 1063 2324 1292 2383; x_wconf 91' lang='lat' dir='ltr'><strong>nimium,</strong></span> <span class='ocrx_word' id='word_1_281' title='bbox 1327 2340 1431 2373; x_wconf 92' lang='lat' dir='ltr'><strong>non</strong></span> <span class='ocrx_word' id='word_1_282' title='bbox 1464 2340 1526 2372; x_wconf 83' lang='lat' dir='ltr'><strong>ex</strong></span> <span class='ocrx_word' id='word_1_283' title='bbox 1558 2323 1711 2372; x_wconf 89' lang='lat' dir='ltr'><strong>rebus</strong></span> <span class='ocrx_word' id='word_1_284' title='bbox 1745 2324 1883 2391; x_wconf 90' lang='lat' dir='ltr'><strong>ipsis:</strong></span> <span class='ocrx_word' id='word_1_285' title='bbox 1919 2331 1971 2372; x_wconf 88' lang='lat' dir='ltr'><strong>et</strong></span> <span class='ocrx_word' id='word_1_286' title='bbox 2004 2341 2135 2384; x_wconf 89' lang='lat' dir='ltr'><strong>eum,</strong></span> <span class='ocrx_word' id='word_1_287' title='bbox 2171 2325 2261 2392; x_wconf 90' lang='lat' dir='ltr'><strong>qui</strong></span> <span class='ocrx_word' id='word_1_288' title='bbox 2295 2324 2359 2373; x_wconf 90' lang='lat' dir='ltr'><strong>sit</strong></span> <span class='ocrx_word' id='word_1_289' title='bbox 2390 2341 2570 2374; x_wconf 85' lang='lat' dir='ltr'><strong>avarus</strong></span> <span class='ocrx_word' id='word_1_290' title='bbox 2599 2332 2688 2374; x_wconf 89' lang='lat' dir='ltr'><strong>aut</strong></span> 
     </span>
     <span class='ocr_line' id='line_1_29' title="bbox 227 2384 2682 2474; baseline -0.001 -18"><span class='ocrx_word' id='word_1_291' title='bbox 227 2384 578 2474; x_wconf 79' lang='lat' dir='ltr'><strong>intemperans,</strong></span> <span class='ocrx_word' id='word_1_292' title='bbox 589 2404 743 2454; x_wconf 90' lang='lat' dir='ltr'><strong>modo</strong></span> <span class='ocrx_word' id='word_1_293' title='bbox 761 2421 865 2454; x_wconf 88' lang='lat' dir='ltr'><strong>non</strong></span> <span class='ocrx_word' id='word_1_294' title='bbox 886 2406 949 2454; x_wconf 88' lang='lat' dir='ltr'><strong>sit</strong></span> <span class='ocrx_word' id='word_1_295' title='bbox 968 2405 1118 2455; x_wconf 88' lang='lat' dir='ltr'><strong>nimis</strong></span> <span class='ocrx_word' id='word_1_296' title='bbox 1149 2420 1328 2454; x_wconf 85' lang='lat' dir='ltr'><strong>avarus</strong></span> <span class='ocrx_word' id='word_1_297' title='bbox 1360 2411 1448 2451; x_wconf 90' lang='lat' dir='ltr'><strong>aut</strong></span> <span class='ocrx_word' id='word_1_298' title='bbox 1479 2403 1628 2452; x_wconf 90' lang='lat' dir='ltr'><strong>nimis</strong></span> <span class='ocrx_word' id='word_1_299' title='bbox 1662 2404 2014 2472; x_wconf 87' lang='lat' dir='ltr'><strong>intemperans,</strong></span> <span class='ocrx_word' id='word_1_300' title='bbox 2021 2422 2131 2455; x_wconf 89' lang='lat' dir='ltr'><strong>non</strong></span> <span class='ocrx_word' id='word_1_301' title='bbox 2147 2421 2249 2454; x_wconf 89' lang='lat' dir='ltr'><strong>esse</strong></span> <span class='ocrx_word' id='word_1_302' title='bbox 2265 2404 2682 2474; x_wconf 84' lang='lat' dir='ltr'><strong>vituperandum:</strong></span> 
     </span>
     <span class='ocr_line' id='line_1_30' title="bbox 226 2476 2686 2554; baseline 0 -20"><span class='ocrx_word' id='word_1_303' title='bbox 226 2485 371 2554; x_wconf 84' lang='lat' dir='ltr'><strong>quod</strong></span> <span class='ocrx_word' id='word_1_304' title='bbox 402 2485 683 2534; x_wconf 86' lang='lat' dir='ltr'><strong>absurdum</strong></span> <span class='ocrx_word' id='word_1_305' title='bbox 715 2485 858 2535; x_wconf 84' lang='lat' dir='ltr'><strong>dictu</strong></span> <span class='ocrx_word' id='word_1_306' title='bbox 887 2494 973 2534; x_wconf 83' lang='lat' dir='ltr'><strong>est.</strong></span> <span class='ocrx_word' id='word_1_307' title='bbox 1008 2486 1084 2534; x_wconf 88' lang='lat' dir='ltr'><strong>Ac</strong></span> <span class='ocrx_word' id='word_1_308' title='bbox 1116 2493 1176 2533; x_wconf 93' lang='lat' dir='ltr'><strong>ut</strong></span> <span class='ocrx_word' id='word_1_309' title='bbox 1206 2476 1412 2533; x_wconf 79' lang='lat' dir='ltr'><strong>avaritia</strong></span> <span class='ocrx_word' id='word_1_310' title='bbox 1443 2493 1493 2532; x_wconf 90' lang='lat' dir='ltr'><strong>et</strong></span> <span class='ocrx_word' id='word_1_311' title='bbox 1526 2484 1907 2552; x_wconf 89' lang='lat' dir='ltr'><strong>intemperantia</strong></span> <span class='ocrx_word' id='word_1_312' title='bbox 1923 2486 2522 2547; x_wconf 86' lang='lat' dir='ltr'><strong>vitiorumsuntnomina,</strong></span> <span class='ocrx_word' id='word_1_313' title='bbox 2545 2487 2614 2534; x_wconf 79' lang='lat' dir='ltr'><strong>ita</strong></span> <span class='ocrx_word' id='word_1_314' title='bbox 2635 2494 2686 2534; x_wconf 88' lang='lat' dir='ltr'><strong>et</strong></span> 
     </span>
     <span class='ocr_line' id='line_1_31' title="bbox 226 2565 2683 2634; baseline 0 -20"><span class='ocrx_word' id='word_1_315' title='bbox 226 2567 512 2634; x_wconf 79' lang='lat' dir='ltr'><strong>superstitio</strong></span> <span class='ocrx_word' id='word_1_316' title='bbox 523 2567 629 2614; x_wconf 79' lang='lat' dir='ltr'><strong>vitii</strong></span> <span class='ocrx_word' id='word_1_317' title='bbox 647 2576 833 2615; x_wconf 82' lang='lat' dir='ltr'><strong>nomen</strong></span> <span class='ocrx_word' id='word_1_318' title='bbox 846 2575 930 2615; x_wconf 89' lang='lat' dir='ltr'><strong>est.</strong></span> <span class='ocrx_word' id='word_1_319' title='bbox 947 2566 1016 2614; x_wconf 91' lang='lat' dir='ltr'><strong>Ut</strong></span> <span class='ocrx_word' id='word_1_320' title='bbox 1027 2566 1177 2634; x_wconf 83' lang='lat' dir='ltr'><strong>igitur</strong></span> <span class='ocrx_word' id='word_1_321' title='bbox 1190 2565 1372 2633; x_wconf 89' lang='lat' dir='ltr'><strong>aliquis</strong></span> <span class='ocrx_word' id='word_1_322' title='bbox 1404 2565 1818 2632; x_wconf 88' lang='lat' dir='ltr'><strong>reprehendatur,</strong></span> <span class='ocrx_word' id='word_1_323' title='bbox 1830 2567 1978 2615; x_wconf 91' lang='lat' dir='ltr'><strong>nimis</strong></span> <span class='ocrx_word' id='word_1_324' title='bbox 2013 2567 2415 2633; x_wconf 88' lang='lat' dir='ltr'><strong>superstitiosum</strong></span> <span class='ocrx_word' id='word_1_325' title='bbox 2433 2583 2552 2626; x_wconf 89' lang='lat' dir='ltr'><strong>esse,</strong></span> <span class='ocrx_word' id='word_1_326' title='bbox 2578 2583 2683 2616; x_wconf 88' lang='lat' dir='ltr'><strong>non</strong></span> 
     </span>
     <span class='ocr_line' id='line_1_32' title="bbox 226 2645 2685 2714; baseline 0 -20"><span class='ocrx_word' id='word_1_327' title='bbox 226 2663 428 2695; x_wconf 86' lang='lat' dir='ltr'><strong>necesse</strong></span> <span class='ocrx_word' id='word_1_328' title='bbox 460 2657 546 2705; x_wconf 92' lang='lat' dir='ltr'><strong>est,</strong></span> <span class='ocrx_word' id='word_1_329' title='bbox 559 2647 648 2695; x_wconf 91' lang='lat' dir='ltr'><strong>sed</strong></span> <span class='ocrx_word' id='word_1_330' title='bbox 662 2648 891 2714; x_wconf 84' lang='lat' dir='ltr'><strong>quisquis</strong></span> <span class='ocrx_word' id='word_1_331' title='bbox 924 2647 1291 2714; x_wconf 85' lang='lat' dir='ltr'><strong>superstitiosus</strong></span> <span class='ocrx_word' id='word_1_332' title='bbox 1323 2655 1411 2705; x_wconf 84' lang='lat' dir='ltr'><strong>est,</strong></span> <span class='ocrx_word' id='word_1_333' title='bbox 1434 2663 1493 2694; x_wconf 88' lang='lat' dir='ltr'><strong>eo</strong></span> <span class='ocrx_word' id='word_1_334' title='bbox 1527 2647 1634 2712; x_wconf 90' lang='lat' dir='ltr'><strong>ipso</strong></span> <span class='ocrx_word' id='word_1_335' title='bbox 1666 2645 2029 2713; x_wconf 79' lang='lat' dir='ltr'><strong>vituperandus</strong></span> <span class='ocrx_word' id='word_1_336' title='bbox 2050 2653 2171 2694; x_wconf 87' lang='lat' dir='ltr'><strong>est.“</strong></span> <span class='ocrx_word' id='word_1_337' title='bbox 2203 2646 2349 2709; x_wconf 86' lang='lat' dir='ltr'><strong>Quae</strong></span> <span class='ocrx_word' id='word_1_338' title='bbox 2372 2646 2685 2696; x_wconf 79' lang='lat' dir='ltr'><strong>verbaLam-</strong></span> 
     </span>
     <span class='ocr_line' id='line_1_33' title="bbox 225 2725 2682 2796; baseline -0 -18"><span class='ocrx_word' id='word_1_339' title='bbox 225 2725 334 2778; x_wconf 75' lang='lat' dir='ltr'><strong>bini</strong></span> <span class='ocrx_word' id='word_1_340' title='bbox 368 2737 668 2795; x_wconf 84' lang='lat' dir='ltr'><strong>repetuntur</strong></span> <span class='ocrx_word' id='word_1_341' title='bbox 700 2747 730 2777; x_wconf 84' lang='lat' dir='ltr'><strong>a</strong></span> <span class='ocrx_word' id='word_1_342' title='bbox 762 2728 1077 2779; x_wconf 81' lang='lat' dir='ltr'><strong>Marklaudo.</strong></span> <span class='ocrx_word' id='word_1_343' title='bbox 1110 2728 1327 2779; x_wconf 87' lang='lat' dir='ltr'><strong>Wolfius</strong></span> <span class='ocrx_word' id='word_1_344' title='bbox 1359 2736 1529 2777; x_wconf 88' lang='lat' dir='ltr'><strong>autem</strong></span> <span class='ocrx_word' id='word_1_345' title='bbox 1561 2735 1697 2777; x_wconf 90' lang='lat' dir='ltr'><strong>recte</strong></span> <span class='ocrx_word' id='word_1_346' title='bbox 1729 2737 1888 2796; x_wconf 84' lang='lat' dir='ltr'><strong>negat,</strong></span> <span class='ocrx_word' id='word_1_347' title='bbox 1923 2727 2020 2778; x_wconf 88' lang='lat' dir='ltr'><strong>hoc</strong></span> <span class='ocrx_word' id='word_1_348' title='bbox 2054 2744 2157 2777; x_wconf 89' lang='lat' dir='ltr'><strong>esse</strong></span> <span class='ocrx_word' id='word_1_349' title='bbox 2188 2726 2682 2796; x_wconf 85' lang='lat' dir='ltr'><strong>reprehendendum,</strong></span> 
     </span>
     <span class='ocr_line' id='line_1_34' title="bbox 228 2807 2684 2878; baseline 0.001 -21"><span class='ocrx_word' id='word_1_350' title='bbox 228 2807 372 2876; x_wconf 90' lang='lat' dir='ltr'><strong>quod</strong></span> <span class='ocrx_word' id='word_1_351' title='bbox 406 2807 607 2858; x_wconf 88' lang='lat' dir='ltr'><strong>dicatur</strong></span> <span class='ocrx_word' id='word_1_352' title='bbox 638 2808 820 2877; x_wconf 82' lang='lat' dir='ltr'><strong>aliquis</strong></span> <span class='ocrx_word' id='word_1_353' title='bbox 852 2813 1066 2859; x_wconf 82' lang='lat' dir='ltr'><strong>nimium</strong></span> <span class='ocrx_word' id='word_1_354' title='bbox 1097 2811 1486 2878; x_wconf 83' lang='lat' dir='ltr'><strong>superstitiosus</strong></span> <span class='ocrx_word' id='word_1_355' title='bbox 1519 2826 1637 2869; x_wconf 89' lang='lat' dir='ltr'><strong>esse,</strong></span> <span class='ocrx_word' id='word_1_356' title='bbox 1669 2809 1923 2878; x_wconf 88' lang='lat' dir='ltr'><strong>siquidem</strong></span> <span class='ocrx_word' id='word_1_357' title='bbox 1954 2811 2116 2859; x_wconf 88' lang='lat' dir='ltr'><strong>omnis</strong></span> <span class='ocrx_word' id='word_1_358' title='bbox 2147 2811 2378 2878; x_wconf 83' lang='lat' dir='ltr'><strong>pravitas,</strong></span> <span class='ocrx_word' id='word_1_359' title='bbox 2424 2826 2576 2860; x_wconf 84' lang='lat' dir='ltr'><strong>omne</strong></span> <span class='ocrx_word' id='word_1_360' title='bbox 2610 2810 2684 2859; x_wconf 78' lang='lat' dir='ltr'><strong>vi-</strong></span> 
     </span>
     <span class='ocr_line' id='line_1_35' title="bbox 223 2889 2685 2959; baseline 0 -21"><span class='ocrx_word' id='word_1_361' title='bbox 223 2889 357 2939; x_wconf 86' lang='lat' dir='ltr'><strong>tium</strong></span> <span class='ocrx_word' id='word_1_362' title='bbox 390 2890 533 2958; x_wconf 79' lang='lat' dir='ltr'><strong>quasi</strong></span> <span class='ocrx_word' id='word_1_363' title='bbox 566 2889 750 2958; x_wconf 81' lang='lat' dir='ltr'><strong>gradus</strong></span> <span class='ocrx_word' id='word_1_364' title='bbox 784 2890 1031 2958; x_wconf 84' lang='lat' dir='ltr'><strong>quosdam</strong></span> <span class='ocrx_word' id='word_1_365' title='bbox 1063 2889 1257 2941; x_wconf 85' lang='lat' dir='ltr'><strong>habeat.</strong></span> <span class='ocrx_word' id='word_1_366' title='bbox 1310 2891 1480 2956; x_wconf 87' lang='lat' dir='ltr'><strong>Quam</strong></span> <span class='ocrx_word' id='word_1_367' title='bbox 1513 2890 1578 2940; x_wconf 88' lang='lat' dir='ltr'><strong>ob</strong></span> <span class='ocrx_word' id='word_1_368' title='bbox 1613 2907 1816 2941; x_wconf 89' lang='lat' dir='ltr'><strong>causam</strong></span> <span class='ocrx_word' id='word_1_369' title='bbox 1855 2908 1999 2959; x_wconf 91' lang='lat' dir='ltr'><strong>saepe</strong></span> <span class='ocrx_word' id='word_1_370' title='bbox 2044 2892 2096 2940; x_wconf 86' lang='lat' dir='ltr'><strong>in</strong></span> <span class='ocrx_word' id='word_1_371' title='bbox 2145 2890 2440 2940; x_wconf 78' lang='lat' dir='ltr'><strong>universum</strong></span> <span class='ocrx_word' id='word_1_372' title='bbox 2481 2889 2685 2940; x_wconf 80' lang='lat' dir='ltr'><strong>dicatur</strong></span> 
     </span>
     <span class='ocr_line' id='line_1_36' title="bbox 224 2967 2685 3041; baseline 0 -22"><span class='ocrx_word' id='word_1_373' title='bbox 224 2970 442 3026; x_wconf 83' lang='lat' dir='ltr'><strong>nimium</strong></span> <span class='ocrx_word' id='word_1_374' title='bbox 477 2971 622 3020; x_wconf 78' lang='lat' dir='ltr'><strong>male.</strong></span> <span class='ocrx_word' id='word_1_375' title='bbox 657 2970 759 3021; x_wconf 89' lang='lat' dir='ltr'><strong>Sed</strong></span> <span class='ocrx_word' id='word_1_376' title='bbox 789 2967 944 3021; x_wconf 77' lang='lat' dir='ltr'><strong>verba</strong></span> <span class='ocrx_word' id='word_1_377' title='bbox 977 2989 1081 3021; x_wconf 87' lang='lat' dir='ltr'><strong>non</strong></span> <span class='ocrx_word' id='word_1_378' title='bbox 1114 2982 1349 3040; x_wconf 80' lang='lat' dir='ltr'><strong>oportere</strong></span> <span class='ocrx_word' id='word_1_379' title='bbox 1382 2973 1530 3040; x_wconf 80' lang='lat' dir='ltr'><strong>plane</strong></span> <span class='ocrx_word' id='word_1_380' title='bbox 1578 2989 1787 3040; x_wconf 84' lang='lat' dir='ltr'><strong>arguere</strong></span> <span class='ocrx_word' id='word_1_381' title='bbox 1830 2972 1966 3032; x_wconf 89' lang='lat' dir='ltr'><strong>dicit,</strong></span> <span class='ocrx_word' id='word_1_382' title='bbox 2017 2972 2240 3041; x_wconf 79' lang='lat' dir='ltr'><strong>aliquem</strong></span> <span class='ocrx_word' id='word_1_383' title='bbox 2281 2970 2685 3039; x_wconf 84' lang='lat' dir='ltr'><strong>superstitiosum</strong></span> 
     </span>
     <span class='ocr_line' id='line_1_37' title="bbox 224 3050 2683 3121; baseline 0 -21"><span class='ocrx_word' id='word_1_384' title='bbox 224 3063 330 3100; x_wconf 74' lang='lat' dir='ltr'><strong>esse</strong></span> <span class='ocrx_word' id='word_1_385' title='bbox 362 3060 609 3118; x_wconf 86' lang='lat' dir='ltr'><strong>oportere.</strong></span> <span class='ocrx_word' id='word_1_386' title='bbox 645 3054 753 3101; x_wconf 89' lang='lat' dir='ltr'><strong>Hac</strong></span> <span class='ocrx_word' id='word_1_387' title='bbox 785 3070 841 3101; x_wconf 86' lang='lat' dir='ltr'><strong>re</strong></span> <span class='ocrx_word' id='word_1_388' title='bbox 871 3069 1105 3102; x_wconf 76' lang='lat' dir='ltr'><strong>concessa</strong></span> <span class='ocrx_word' id='word_1_389' title='bbox 1138 3054 1490 3120; x_wconf 87' lang='lat' dir='ltr'><strong>quaerendum</strong></span> <span class='ocrx_word' id='word_1_390' title='bbox 1521 3055 1631 3112; x_wconf 87' lang='lat' dir='ltr'><strong>erit,</strong></span> <span class='ocrx_word' id='word_1_391' title='bbox 1667 3071 1732 3102; x_wconf 89' lang='lat' dir='ltr'><strong>an</strong></span> <span class='ocrx_word' id='word_1_392' title='bbox 1765 3054 2090 3121; x_wconf 88' lang='lat' dir='ltr'><strong>superstitiosi</strong></span> <span class='ocrx_word' id='word_1_393' title='bbox 2125 3053 2335 3111; x_wconf 78' lang='lat' dir='ltr'><strong>habitus,</strong></span> <span class='ocrx_word' id='word_1_394' title='bbox 2365 3051 2529 3119; x_wconf 84' lang='lat' dir='ltr'><strong>qualis</strong></span> <span class='ocrx_word' id='word_1_395' title='bbox 2562 3050 2613 3100; x_wconf 81' lang='lat' dir='ltr'><strong>h.</strong></span> <span class='ocrx_word' id='word_1_396' title='bbox 2647 3052 2683 3101; x_wconf 90' lang='lat' dir='ltr'><strong>l.</strong></span> 
     </span>
     <span class='ocr_line' id='line_1_38' title="bbox 227 3130 2679 3201; baseline -0 -18"><span class='ocrx_word' id='word_1_397' title='bbox 227 3130 591 3201; x_wconf 78' lang='lat' dir='ltr'><strong>intelligendus·</strong></span> <span class='ocrx_word' id='word_1_398' title='bbox 620 3143 707 3195; x_wconf 89' lang='lat' dir='ltr'><strong>est,</strong></span> <span class='ocrx_word' id='word_1_399' title='bbox 717 3135 770 3184; x_wconf 89' lang='lat' dir='ltr'><strong>in</strong></span> <span class='ocrx_word' id='word_1_400' title='bbox 801 3133 933 3184; x_wconf 81' lang='lat' dir='ltr'><strong>vitiis</strong></span> <span class='ocrx_word' id='word_1_401' title='bbox 951 3133 1296 3184; x_wconf 84' lang='lat' dir='ltr'><strong>numerandus</strong></span> <span class='ocrx_word' id='word_1_402' title='bbox 1331 3134 1407 3183; x_wconf 87' lang='lat' dir='ltr'><strong>sit.</strong></span> <span class='ocrx_word' id='word_1_403' title='bbox 1442 3133 1531 3193; x_wconf 85' lang='lat' dir='ltr'><strong>Ac,</strong></span> <span class='ocrx_word' id='word_1_404' title='bbox 1555 3141 1678 3183; x_wconf 86' lang='lat' dir='ltr'><strong>teste</strong></span> <span class='ocrx_word' id='word_1_405' title='bbox 1670 3132 1981 3201; x_wconf 83' lang='lat' dir='ltr'><strong>Garatonio,</strong></span> <span class='ocrx_word' id='word_1_406' title='bbox 1999 3134 2226 3184; x_wconf 87' lang='lat' dir='ltr'><strong>Justinus</strong></span> <span class='ocrx_word' id='word_1_407' title='bbox 2260 3134 2679 3201; x_wconf 81' lang='lat' dir='ltr'><strong>superstitionem</strong></span> 
     </span>
     <span class='ocr_line' id='line_1_39' title="bbox 224 3209 2686 3286; baseline -0 -20"><span class='ocrx_word' id='word_1_408' title='bbox 224 3229 322 3281; x_wconf 79' lang='lat' dir='ltr'><strong>pro</strong></span> <span class='ocrx_word' id='word_1_409' title='bbox 354 3216 604 3283; x_wconf 81' lang='lat' dir='ltr'><strong>religione</strong></span> <span class='ocrx_word' id='word_1_410' title='bbox 636 3215 714 3267; x_wconf 80' lang='lat' dir='ltr'><strong>bis</strong></span> <span class='ocrx_word' id='word_1_411' title='bbox 749 3217 1021 3286; x_wconf 79' lang='lat' dir='ltr'><strong>usurpavit,</strong></span> <span class='ocrx_word' id='word_1_412' title='bbox 1054 3217 1143 3284; x_wconf 85' lang='lat' dir='ltr'><strong>qui</strong></span> <span class='ocrx_word' id='word_1_413' title='bbox 1176 3209 1427 3277; x_wconf 89' lang='lat' dir='ltr'><strong>XXXIX,</strong></span> <span class='ocrx_word' id='word_1_414' title='bbox 1463 3216 1509 3266; x_wconf 87' lang='lat'><strong>3.</strong></span> <span class='ocrx_word' id='word_1_415' title='bbox 1543 3217 1952 3282; x_wconf 82' lang='lat' dir='ltr'><strong>superstitionem</strong></span> <span class='ocrx_word' id='word_1_416' title='bbox 1986 3216 2158 3284; x_wconf 86' lang='lat' dir='ltr'><strong>templi</strong></span> <span class='ocrx_word' id='word_1_417' title='bbox 2189 3214 2341 3278; x_wconf 82' lang='lat' dir='ltr'><strong>dicit3</strong></span> <span class='ocrx_word' id='word_1_418' title='bbox 2376 3225 2427 3265; x_wconf 91' lang='lat' dir='ltr'><strong>et</strong></span> <span class='ocrx_word' id='word_1_419' title='bbox 2461 3214 2686 3275; x_wconf 71' lang='lat' dir='ltr'><strong>XL1,3.</strong></span> 
     </span>
     <span class='ocr_line' id='line_1_40' title="bbox 224 3288 2684 3366; baseline 0.003 -25"><span class='ocrx_word' id='word_1_420' title='bbox 224 3293 284 3341; x_wconf 82' lang='lat' dir='ltr'><strong>in</strong></span> <span class='ocrx_word' id='word_1_421' title='bbox 330 3294 783 3360; x_wconf 80' lang='lat' dir='ltr'><strong>superstitionibus</strong></span> <span class='ocrx_word' id='word_1_422' title='bbox 823 3306 978 3364; x_wconf 83' lang='lat' dir='ltr'><strong>atque</strong></span> <span class='ocrx_word' id='word_1_423' title='bbox 1010 3288 1164 3346; x_wconf 56' lang='lat' dir='ltr'><strong>curt?</strong></span> <span class='ocrx_word' id='word_1_424' title='bbox 1170 3296 1383 3347; x_wconf 80' lang='lat' dir='ltr'><strong>deor-um</strong></span> <span class='ocrx_word' id='word_1_425' title='bbox 1410 3298 1693 3364; x_wconf 82' lang='lat' dir='ltr'><strong>praecipua</strong></span> <span class='ocrx_word' id='word_1_426' title='bbox 1727 3297 1958 3347; x_wconf 71' lang='lat' dir='ltr'><strong>omnebus</strong></span> <span class='ocrx_word' id='word_1_427' title='bbox 1989 3300 2255 3348; x_wconf 79' lang='lat' dir='ltr'><strong>veneratio</strong></span> <span class='ocrx_word' id='word_1_428' title='bbox 2300 3308 2393 3348; x_wconf 83' lang='lat' dir='ltr'><strong>est.</strong></span> <span class='ocrx_word' id='word_1_429' title='bbox 2439 3297 2684 3366; x_wconf 83' lang='lat' dir='ltr'><strong>Virgilius</strong></span> 
     </span>
    </p>
   </div>
   <div class='ocr_carea' id='block_1_3' title="bbox 227 3365 2249 3494">
    <p class='ocr_par' dir='ltr' id='par_1_10' title="bbox 227 3365 2249 3494">
     <span class='ocr_line' id='line_1_41' title="bbox 227 3365 2249 3494; baseline 0.008 -77"><span class='ocrx_word' id='word_1_430' title='bbox 227 3365 353 3419; x_wconf 56' lang='lat' dir='ltr'><strong>Aea</strong></span> <span class='ocrx_word' id='word_1_431' title='bbox 386 3371 506 3433; x_wconf 76' lang='grc' dir='ltr'><strong>ΧΠ,</strong></span> <span class='ocrx_word' id='word_1_432' title='bbox 539 3373 652 3440; x_wconf 85' lang='lat'>817.</span> <span class='ocrx_word' id='word_1_433' title='bbox 2219 3447 2249 3494; x_wconf 69' lang='lat'><strong>5</strong></span> 
     </span>
    </p>
   </div>
  </div>
 </body>
</html>
