3007 3888
250 632 653 743 -Patrocinium
673 650 995 750 suscepimus
1010 670 1237 749 quinque
1252 680 1552 738 orationum,
1570 664 1758 746 quihus
1776 693 1962 727 nomen
1972 675 2230 727 Ciceronis
2245 693 2440 743 paene·
2478 669 2487 679 '
2545 657 2559 669 “

251 764 339 821 {est
371 786 400 818 a
432 764 748 818 nostratibus.
782 763 909 814 Nam
941 763 996 813 C.
1015 761 1078 812 D.
1095 760 1349 821 Beckius,
1366 760 1454 828 qui
1487 759 1681 827 primus
1714 766 1825 825 post
1859 756 2018 808 editos
2040 756 2216 808 Woffii
2238 735 2631 808 commentari&

265 849 454 917 scripta
500 845 757 898 Ciceronis
799 844 1078 904 recensuit,
1128 841 1278 892 homo
1318 832 1599 890 litterarum
1650 848 1700 889 et
1752 838 1986 889 historiae
2047 838 2399 907 peritissimus,
2432 839 2502 888 in
2535 840 2701 907 quarti

263 928 533 980 voluminis
588 925 896 1017 praefatione
959 923 1202 983 declarat,
1259 937 1340 970 eas
1397 921 1642 969 orationes
1701 922 1752 983 2)
1805 918 1898 968 sibi
1953 936 2057 968 non
2109 919 2272 968 videri
2332 918 2583 990 profectas
2616 918 2703 969 ab

264 1018 475 1068 oratore,
520 1007 663 1056 cuius
706 1023 889 1055 nomen
931 1002 1255 1060 inscribatur,
1304 1017 1362 1050 ac
1402 1009 1598 1049 tantum
1636 1016 1740 1048 non
1784 1015 1932 1048 ausus
1966 1009 2070 1058 est,
2122 1001 2175 1049 in
2217 999 2549 1069 appendicem
2592 1002 2704 1050 reii-
2756 1046 2760 1050 .

263 1090 397 1150 cere,
447 1088 638 1157 spurias
670 1087 925 1137 Ciceronis
958 1078 1205 1134 orationes
1245 1077 1728 1149 comprehensuram.
1766 1079 1821 1128 C.
1858 1066 1921 1128 G.
1957 1079 2245 1140 Schiitzius,
2282 1082 2372 1148 qui
2406 1081 2704 1154 Ciceronem

265 1180 424 1222 certe
453 1170 672 1220 multum
722 1167 976 1225 tractavit,
1027 1164 1317 1232 aliquanto
1332 1163 1431 1212 fuit
1484 1163 1744 1213 audacior:
1790 1162 1872 1210 cui
1905 1162 2069 1210 visum
2122 1171 2217 1221 est,
2267 1179 2372 1211 uno
2424 1161 2706 1230 eodemque

262 1252 517 1303 volumine
567 1267 648 1300 eas
695 1246 982 1315 complecti,
1024 1245 1229 1295 adiectis
1272 1244 1489 1313 epistolis
1529 1244 1761 1293 Ciceroni
1809 1243 1875 1293 ad
1919 1244 1992 1293 M.
2051 1246 2271 1293 Brutum
2321 1253 2372 1293 et
2423 1245 2495 1310 Μ.
2548 1247 2703 1295 Bruto

262 1333 329 1383 ad
361 1332 656 1382 Ciceronem
687 1327 966 1397 suppositis.
1034 1327 1095 1375 In
1125 1327 1207 1376 Jo.
1241 1325 1383 1393 Casp.
1418 1325 1618 1389 Orellii,
1664 1326 1912 1394 diligentis
1943 1327 2039 1376 viri
2083 1334 2133 1375 et
2155 1326 2424 1376 clarissimi
2468 1326 2705 1393 hominis,

262 1412 491 1463 inchoata
521 1411 811 1461 recensione
845 1408 1096 1468 omnium,
1139 1423 1268 1474 quae
1300 1416 1590 1474 supersunt,
1637 1407 1893 1458 Ciceronis
1926 1407 2233 1474 scriptorum
2276 1406 2418 1456 locus
2463 1408 2532 1457 eis
2578 1406 2708 1457 adsi-

262 1491 441 1562 gnatus
471 1501 557 1552 est,
591 1492 645 1540 in
679 1506 833 1558 quem
864 1487 981 1538 libri
1015 1487 1260 1556 compulsi
1294 1495 1412 1537 sunt
1444 1486 1586 1537 dubii
1621 1496 1672 1537 et
1703 1489 2024 1555 supposititii,
2077 1497 2190 1555 post
2217 1489 2402 1556 scripta
2433 1488 2500 1538 ad
2546 1499 2707 1539 artem

263 1574 565 1624 rhetoricam
595 1568 926 1638 pertinentia3
971 1576 1030 1616 ut
1069 1568 1151 1617 vel
1194 1569 1297 1635 ipse
1331 1566 1475 1618 locus
1510 1568 1865 1618 declamatorio
1906 1568 2073 1617 studio
2108 1570 2413 1636 conscriptas
2448 1587 2553 1619 esse
2589 1572 2706 1619 insi-

262 1655 490 1706 mularet.
556 1652 641 1700 Fr.
675 1650 737 1699 A.
771 1648 1046 1723 Nobbeiusj
1089 1647 1427 1716 philosophiae
1459 1650 1673 1709 Doctor,
1716 1651 1806 1717 qui
1849 1666 1980 1698 anno
2020 1651 2282 1717 superiore
2319 1649 2477 1698 Tullii
2519 1652 2707 1719 scripta
2752 1714 2761 1722 ἡ

261 1735 422 1784 edidit
453 1750 557 1782 uno
577 1732 831 1781 volumine
865 1729 1235 1797 comprehensa,
1267 1727 1560 1779 Schiitzium
1590 1739 1848 1798 seq-nutus,
1883 1739 2103 1798 quatuor
2118 1733 2311 1798 priores
2326 1732 2577 1780 orationes
2595 1740 2709 1798 post

258 1815 559 1882 Philippicas
591 1811 880 1871 collocavit3
914 1811 1144 1876 quintam
1174 1826 1311 1868 vero,
1345 1827 1440 1875 pro
1471 1811 1544 1858 M.
1577 1811 1836 1869 Marcello,
1869 1820 1928 1859 ut
1956 1829 2260 1878 germanam,
2296 1829 2390 1862 suo
2423 1811 2539 1861 loco
2559 1828 2706 1877 repo-

259 1898 359 1946 suit
389 1902 597 1962 propter
629 1892 830 1941 inventa
861 1897 1090 1939 veterum
1125 1889 1178 1937 in
1213 1888 1341 1938 hanc
1375 1890 1654 1939 orationem
1686 1889 2006 1939 Scholiorum
2037 1891 2338 1958 fragmenta,
2383 1909 2538 1961 quae,
2573 1892 2700 1960 Ang

259 1977 408 2035 Maio,
442 1976 529 2041 qui
563 1991 728 2039 nuper
760 1971 1020 2031 invenerit,
1056 1979 1274 2028 auctore,
1309 1970 1578 2020 videantur
1608 1971 1807 2019 Asconii
1841 1971 2046 2020 Pediani
2081 1989 2197 2020 esse.

387 2072 462 2119 Ac
495 2071 666 2137 plures
700 2069 825 2116 haec
859 2067 1067 2134 quidem
1100 2069 1259 2115 oratio
1293 2067 1579 2116 defensores
1616 2078 1761 2117 nacta
1795 2077 1882 2116 est.
1950 2069 2187 2131 Quorum
2227 2071 2453 2136 primus,
2496 2080 2556 2118 ut
2589 2088 2706 2119 ano-

259 2168 438 2219 nymos
473 2149 718 2231 quosdam
751 2147 868 2197 libri
901 2145 1139 2196 Wolfiani
1175 2162 1404 2196 censores
1439 2149 1686 2208 omittam,
1722 2148 1877 2198 Olaus
1910 2150 2195 2210 Wormius,
2239 2144 2485 2200 litterator
2518 2152 2706 2210 Dauus,

261 2233 357 2281 fuit
391 2235 463 2296 3);
498 2219 764 2289 secundus,
798 2231 838 2278 si
873 2230 996 2281 licet
1028 2228 1294 2276 Kalavium
1325 2230 1613 2295 praeteiire,
1654 2231 1800 2278 cuius
1828 2230 1958 2279 liber
1991 2233 2254 2297 perpaucis
2288 2233 2529 2292 innotuit,
2562 2232 2703 2279 Beni.

261 2313 526 2368 WeiskiuS‚
561 2312 639 2359 vir
669 2310 923 2375 permagni
958 2309 1173 2356 nominis
1209 2309 1261 2355 in
1296 2309 1565 2356 Germania
1598 2310 1666 2373 4).
1733 2311 1931 2358 Tertius
1965 2311 2177 2369 exstitit,
2230 2319 2497 2378 postquam
2541 2311 2599 2357 G.
2645 2309 2702 2359 L.

262 2394 590 2463 Spaldingius‚
623 2393 702 2441 vir
733 2389 1085 2447 nobilissimus,
1121 2396 1411 2454 argumenta
1443 2387 1616 2437 Wolfii
1652 2387 1950 2437 confirmare
1985 2399 2035 2436 et
2068 2408 2249 2456 augere
2285 2401 2491 2440 conatus
2534 2400 2607 2439 est
2639 2393 2705 2457 5),

258 2477 317 2525 A.
351 2477 409 2525 L.
446 2474 508 2524 G.
542 2471 774 2531 Jacobus,
810 2470 1125 2519 doctissimus
1158 2468 1375 2527 iuvenis,
1419 2467 1509 2534 qui
1543 2467 1779 2526 coniecit,
1825 2485 1936 2517 eam
1969 2486 2136 2536 neque
2170 2472 2379 2520 omnino
2414 2473 2700 2538 genuinam,

305 2652 340 2697 ι)
367 2651 420 2689 Μ.
446 2651 549 2686 Tulli
584 2650 794 2695 Ciceronis,
829 2661 925 2699 qnae
962 2640 1077 2698 vulgo‘
1110 2649 1296 2695 feruntur,
1331 2649 1516 2686 orationes
1543 2653 1721 2697 quatuor,
1751 2653 1837 2698 post
1862 2647 2023 2685 reditum
2049 2650 2088 2685 in
2116 2649 2276 2695 Senatu,
2314 2649 2362 2686 ad
2402 2651 2567 2698 Quirites
2607 2656 2695 2698 post

362 2711 539 2755 reditum,
575 2722 641 2757 pro
675 2712 796 2745 Domo
833 2722 899 2759 sua
933 2710 981 2744 ad
1018 2711 1238 2755 Pontifices,
1272 2709 1319 2743 de
1357 2710 1597 2757 Haruspicum
1631 2711 1828 2757 responsis.
1881 2711 2132 2757 Recognovit,
2168 2709 2502 2746 animadversiones
2538 2711 2700 2758 integras

359 2770 392 2811 1.
415 2770 627 2807 Marklandi
654 2776 692 2805 et
716 2772 754 2808 J.
777 2771 828 2805 M.
857 2771 1010 2806 Gesneri
1036 2783 1193 2819 suasque
1219 2770 1355 2805 adiecit
1380 2772 1482 2809 Frid.
1505 2774 1596 2818 Aug.
1624 2771 1794 2805 Wolfius.
1849 2772 2010 2806 Berolini
2044 2774 2153 2809 1801.
2181 2772 2217 2809 8.

410 2831 462 2869 Μ.
487 2831 590 2866 Tulli
617 2830 824 2875 Ciceronis,
858 2842 953 2878 quae
986 2831 1098 2878 vulgo
1136 2831 1274 2875 fertur,
1312 2833 1431 2867 oratio
1465 2842 1531 2877 pro
1565 2831 1616 2869 M.
1641 2831 1833 2870 Marcello.
1885 2832 2133 2878 Recognovit,
2171 2830 2506 2866 animadversiones
2545 2832 2700 2867 selectas

359 2891 585 2939 superiorum
611 2891 853 2937 interpretum
879 2901 1036 2938 suasque
1062 2890 1199 2927 adiecit
1224 2891 1323 2928 Frid.
1347 2891 1439 2938 Aug.
1465 2890 1631 2928 Wolfius.
1681 2891 1846 2925 Berolini
1882 2891 1989 2929 1802.
2015 2891 2052 2928 8.

292 2960 330 3006 2)
357 2958 397 2994 Si
423 2959 590 3006 quintam
614 2959 811 3005 exceperis,
839 2969 949 3006 quam
974 2956 1131 2994 Beckius
1157 2969 1235 2994 non
1261 2957 1382 2994 edidit
1407 2969 1475 2993 nec
1501 2957 1650 3005 publice
1677 2957 1848 2994 Ciceroni
1876 2957 2119 2997 abiudicavit.

300 3031 339 3076 3)
367 3030 418 3068 M.
443 3030 547 3065 Tulli
572 3029 758 3066 Ciceronis
785 3031 989 3067 orationem
1015 3041 1082 3078 pro
1111 3031 1162 3069 Μ,
1190 3005 1368 3069 Marcello
1392 3029 1543 3074 νοθείας
1567 3032 1789 3080 suspicione,
1816 3043 1925 3080 quam
1942 3042 2059 3079 nuper
2079 3030 2272 3066 iniiciebat
2291 3030 2391 3069 Frid.
2411 3032 2504 3078 Aug.
2523 3031 2699 3079 Wolfius,

364 3103 400 3128 v.
424 3102 469 3132 c.,
496 3089 653 3124 liberare
678 3096 831 3124 conatus
858 3096 914 3125 est
941 3091 1055 3125 Olaus
1081 3091 1279 3134 wormius,
1306 3091 1404 3129 Prof.
1431 3097 1470 3125 et
1492 3094 1621 3125 Rector
1648 3091 1796 3125 scholae
1823 3092 2034 3128 Hoterness.
2062 3092 2225 3125 Havniae
2258 3093 2368 3128 1803.
2399 3093 2435 3128 8.

299 3158 336 3203 4)
364 3157 652 3193 Commentarius
678 3164 875 3204 perpetuus
904 3164 942 3193 et
977 3159 1106 3203 plenus
1139 3159 1180 3193 in
1214 3161 1420 3195 orationem
1456 3160 1506 3197 M.
1532 3159 1650 3193 Tullii
1675 3159 1861 3193 Ciceronis
1901 3170 1967 3205 pro
2006 3159 2056 3196 M.
2092 3159 2269 3193 Marcello
2310 3171 2394 3194 cum
2421 3159 2628 3205 appendice
2656 3159 2702 3193 de

361 3218 541 3260 oratione,
570 3228 663 3264 quae
690 3218 801 3264 vulgo
829 3217 965 3260 fertur,
1000 3217 1051 3255 M.
1078 3217 1198 3252 Tullii
1225 3217 1412 3254 Ciceronis
1437 3230 1505 3267 pro
1533 3218 1580 3266 Q.
1604 3219 1751 3267 Ligario
1779 3223 1929 3253 auctore
1955 3217 2147 3252 Beniamin
2175 3216 2339 3254 Weiske.
2392 3218 2433 3256 A.
2464 3219 2517 3257 M.
2553 3219 2702 3254 scholae

360 3278 541 3322 poi-tensis
568 3288 683 3323 nuper
708 3283 842 3315 eorect.
870 3279 970 3323 Lips.
1000 3280 1111 3314 1805.
1139 3278 1177 3314 8.
1201 3318 1218 3326 ,Ρ
2223 3277 2242 3294 “

300 3342 337 3386 5)
364 3343 451 3383 vid.
476 3344 642 3380 Muscam
668 3346 902 3393 antiquitatis
929 3345 1146 3381 studiorum.
1190 3346 1312 3393 Opera
1337 3347 1378 3385 1³.
1402 3347 1446 3385 A.
1473 3346 1597 3381 Wolfii
1638 3352 1676 3381 et
1702 3347 1798 3386 Phil.
1824 3347 2052 3383 Buttmanni.
2087 3345 2174 3384 Vol.
2202 3349 2232 3385 Ι.
2259 3331 2414 3386 ἰειιε.“ι.
2440 3349 2564 3387 Berol.
2592 3350 2702 3386 1808.
