3007 3888
196 151 220 183 ³
289 156 412 206 XVI
469 152 491 167 '

289 285 441 344 Maio,
477 299 708 352 quaeque
743 283 963 332 Asconio
997 283 1219 332 Pediano
1253 283 1626 331 adscribuntur.
1664 238 2013 345 Quamobreaem
2046 305 2138 354 ego
2170 292 2612 341 commemoranda
2649 295 2760 360 qui-

292 365 410 414 dem
443 383 500 412 ea
534 364 704 430 putavi
742 362 789 411 h.
810 363 858 423 Ι.,
878 373 928 412 at
946 363 1009 412 de
1038 363 1140 421 lite,
1175 381 1304 430 quae
1340 362 1605 411 intercedit
1638 379 1815 411 eorum
1850 365 2113 417 inventori·
2136 387 2255 420 cum
2286 372 2399 421 viro
2432 373 2616 422 illustri
2646 374 2760 422 Nie-

293 446 491 505 buhrio,
530 446 618 511 qui
654 454 815 512 negat,
852 445 915 493 ab
950 445 1166 494 Asconio
1188 443 1404 492 Pediano
1440 443 1623 509 scripta
1659 458 1776 500 esse,
1812 459 2112 509 cognoscere
2146 459 2196 497 et
2229 452 2454 502 iudicare
2472 471 2575 503 non
2598 457 2756 522 potui.

423 528 468 573 3.
516 527 694 573 FAmus
731 526 1092 590 Qumrmmnus
1144 526 1421 573 orationem
1451 522 1530 570 Vde
1575 523 1913 588 Haruspicum
1956 529 2219 590 responsis»,
2266 541 2324 579 ut
2358 534 2761 592 Ciceronianam,

295 606 467 654 laudat
501 608 539 654 I.
578 609 640 656 O.
677 609 739 668 V,
790 627 859 667 11,
897 610 1000 669 42„
1043 608 1287 666 „Ponitur
1321 624 1348 651 a
1384 601 1702 670 quibusdam,
1739 611 1787 650 et
1821 603 2032 670 quidem
2067 606 2118 653 in
2150 617 2291 672 parte
2323 612 2501 676 prima,
2537 612 2754 662 deorum

294 689 582 748 auctoritas,
620 706 752 756 quae
787 698 858 736 est
895 705 956 736 ex
990 687 1261 753 responsis3
1315 693 1372 731 ut
1412 683 1668 731 Socratem
1704 699 1808 730 esse
1854 685 2286 751 sapientissimum.
2352 690 2415 737 Id
2447 709 2622 741 rarum
2656 702 2753 754 est3

295 779 465 819 tamen
502 772 665 818 utitur
698 788 755 817 ea
800 769 975 816 Cicero
1011 770 1063 815 in
1097 767 1228 814 libro
1262 765 1324 813 de
1360 765 1696 830 Haruspicum
1730 765 2028 828 responsis.“
2092 766 2169 813 De
2209 767 2433 816 oratione
2477 787 2571 836 pro
2604 771 2759 821 domo

296 851 467 909 refert,
505 850 716 898 eandem
751 866 950 897 causam
986 866 1013 894 a
1044 848 1112 894 M.
1152 845 1345 894 Calidio
1381 844 1567 893 dictam
1600 860 1717 900 esse,
1753 844 1789 890 Ι.
1827 843 1887 891 Ο.
1923 846 1990 902 X,
2029 861 2068 903 1,
2102 847 2183 895 23.
2239 847 2416 912 „Quin
2460 851 2609 898 etiam
2654 869 2757 900 eas-

299 931 417 980 dem
454 948 640 989 causas,
677 939 733 977 ut
766 930 981 994 quisque
1017 928 1187 993 egerit,
1225 926 1346 974 utile
1382 926 1478 972 erit
1510 925 1660 972 scire:
1711 941 1829 971 nam
1861 941 1955 989 pro
1989 924 2142 994 domo
2178 929 2432 994 Ciceronis
2465 930 2592 978 dixit
2627 931 2756 980 Cali-

299 1014 434 1061 dius:
477 1023 525 1060 et
559 1030 651 1079 pro
685 1011 874 1059 Milone
907 1010 1185 1056 orationem
1220 1012 1401 1055 Brutus
1430 1005 1796 1053 exercitationis
1830 1005 1986 1070 gratia
2006 1006 2216 1072 scripsit,
2253 1010 2441 1058 etiamsi
2463 1012 2614 1078 egisse
2638 1027 2755 1059 eum

301 1094 563 1141 Cornelius
600 1091 770 1139 Celsus
804 1089 928 1135 falso
965 1089 1263 1135 existimat.“

431 1174 590 1221 Huius
626 1169 946 1218 eruditissimi
983 1168 1195 1217 rhetoris
1225 1169 1573 1216 auctoritatem
1608 1167 1888 1216 convellere
1913 1177 2125 1218 conatur
2140 1169 2471 1222 Marklandus
2503 1190 2576 1234 eo,
2612 1175 2753 1243 quod

298 1262 468 1300 monet
505 1255 554 1298 in
588 1250 743 1316 praef.
781 1250 844 1297 ad
880 1251 951 1298 IV
986 1250 1145 1297 Oratt.
1183 1268 1229 1315 p.
1267 1250 1361 1316 75„
1396 1249 1459 1295 ab
1494 1250 1672 1297 eodem
1704 1250 1876 1307 Fabio,
1912 1261 1970 1298 ut
2001 1251 2363 1310 Sallustianam,
2398 1253 2592 1303 laudari
2629 1256 2755 1304 duo-

296 1335 391 1382 bus
427 1335 547 1381 locis
582 1334 688 1398 (IV,
734 1349 772 1390 1,
807 1333 885 1380 68.
924 1340 973 1378 et
1006 1332 1096 1390 1X,
1132 1333 1177 1389 3,
1214 1333 1314 1396 89.)
1350 1332 1648 1380 invectivam
1682 1335 1959 1382 orationem
1992 1336 2044 1382 in
2081 1336 2386 1394 Ciceronem,
2418 1352 2572 1403 quam
2604 1338 2754 1388 hodie

297 1435 468 1466 omnes
504 1434 596 1483 pro
631 1416 882 1482 supposita
916 1415 1144 1461 habeant.
1213 1415 1280 1461 At
1316 1415 1527 1471 eortius,
1561 1414 1899 1462 nobilissimus
1934 1416 2177 1482 interpres
2197 1415 2345 1464 huius
2365 1417 2753 1479 declamationis,

296 1498 526 1555 ostendit,
578 1505 851 1563 utrumque
887 1495 1028 1542 Fabii
1067 1497 1236 1542 locum
1281 1495 1638 1561 interpolatum
1679 1511 1797 1551 esse,
1848 1495 1918 1543 sic
1952 1495 2370 1561 argumentando:
2438 1499 2750 1556 „Posteriore

297 1578 504 1644 quidem
540 1577 651 1625 loco
675 1578 726 1624 in
761 1586 859 1624 vet.
898 1577 1009 1625 cod.
1031 1577 1392 1625 Almeloveenii
1421 1593 1524 1624 non
1546 1576 1639 1642 legi
1664 1576 1752 1623 ista
1772 1575 2084 1636 Sallustiana,
2104 1584 2311 1625 testatur
2330 1576 2391 1625 cl.
2407 1578 2752 1640 Burmannus;

295 1676 460 1724 neque
498 1658 560 1705 ab
600 1657 688 1704 illo
724 1658 908 1721 scripta
951 1675 1008 1704 ea
1054 1675 1170 1715 esse,
1216 1675 1309 1722 pro
1355 1666 1493 1705 certo
1537 1656 1788 1704 affirmare
1827 1674 2044 1722 possum.
2112 1658 2281 1723 Atque
2316 1657 2452 1706 idem
2486 1659 2549 1707 de
2583 1660 2753 1724 priore

297 1756 487 1787 censeo.
558 1737 734 1800 Quum
768 1736 898 1786 forte
933 1737 1179 1785 litterator
1212 1737 1394 1803 aliquis
1429 1737 1552 1799 (non
1589 1734 1768 1794 dicam,
1807 1736 1909 1801 ipse
1943 1739 2148 1803 Auctqr,
2185 1737 2413 1802 quisquis
2444 1738 2612 1796 fuerit,
2649 1756 2753 1804 quo

296 1819 481 1884 ingenii
517 1819 591 1866 sui
628 1828 957 1867 monumento
993 1819 1341 1866 auctoritatem
1389 1815 1699 1880 conciliaret)
1754 1833 1847 1881 pro
1897 1815 2126 1881 exemplo
2169 1817 2381 1882 margini
2432 1818 2524 1866 ista
2564 1817 2767 1868 adseri-'²>

293 1900 480 1964 psisset‚
517 1898 709 1948 factum
743 1909 830 1957 est,
866 1908 924 1947 ut
956 1908 1126 1964 postea
1161 1899 1213 1946 in
1248 1905 1540 1946 contextum
1575 1895 1878 1960 irrepserint.
1916 1894 2024 1943 Hoc
2058 1894 2214 1944 altero
2248 1895 2360 1945 loco
2392 1906 2534 1947 vetus
2569 1897 2745 1957 codex,

295 1979 453 2028 altero
490 1989 659 2027 autem
695 1980 799 2045 ipsa
834 1979 1141 2052 constructio
1175 1977 1320 2026 valde
1355 1975 1622 2026 verisimile
1657 1973 1931 2024 efficiunt.“

431 2080 474 2139 4.
513 2081 830 2125 PLUTARCHUS
867 2078 918 2124 in
952 2078 1050 2127 Vit.
1087 2077 1187 2124 Cic.
1224 2093 1265 2123 c.
1302 2076 1380 2122 31.
1418 2081 1588 2120 narrat
1622 2071 1688 2130 id,
1726 2072 1867 2139 quod
1900 2072 2118 2121 traditur
2151 2075 2300 2124 etiam
2316 2075 2381 2124 ad
2402 2076 2624 2141 Quirites
2640 2089 2750 2146 post

297 2158 519 2206 reditum
556 2160 603 2217 S
641 2161 702 2215 8.,
738 2175 833 2222 pro
869 2159 1111 2205 Cicerone
1145 2166 1333 2204 vestem
1366 2164 1581 2202 mutasse
1615 2152 1877 2201 hominum
1911 2155 2084 2220 viginti
2123 2156 2293 2204 millia.
2365 2167 2419 2210 οὗ
2458 2170 2532 2220 μὴν
2567 2170 2659 2209 ἀλλὰ
2695 2172 2748 2222 τῷ

293 2244 469 2292 Κικέρωνι
510 2241 657 2292 πρῶτον
685 2242 752 2288 μὲν
779 2239 905 2290 ὀλίγον
942 2242 1016 2278 δεῖν
1056 2238 1203 2289 σύμπαν
1237 2240 1278 2277 τὸ
1314 2239 1385 2277 τῶν
1422 2237 1578 2276 ἱππικῶν
1618 2236 1767 2283 πλῆθος
1801 2239 2040 2287 συμμετέβαλε
2074 2238 2140 2286 τὴν
2176 2240 2318 2288 ἐσθῆτα
2349 2240 2410 2278 καὶ
2445 2241 2642 2292 δισμυρίων
2681 2237 2749 2279 οῧκ

291 2318 456 2363 ἐλάττους
483 2321 571 2356 νέων
591 2318 901 2370 παρηκολούθουν
928 2321 1105 2369 κομῶντες
1131 2319 1192 2358 καὶ
1217 2315 1501 2362 συνικετεύοντες.
1534 2302 1606 2350 Π).
1645 2320 1685 2350 c.
1718 2303 1797 2351 33.
1834 2303 2011 2352 Cicero
2048 2304 2247 2365 dieitur,
2283 2305 2521 2372 gloriatus
2556 2323 2674 2366 esse,
2697 2323 2748 2356 se

290 2393 604 2451 reportatum
636 2384 860 2433 humeris
895 2387 1062 2435 Italiae
1075 2405 1087 2448 ;
1136 2384 1276 2453 quod
1314 2401 1414 2432 uno
1450 2392 1647 2430 tantum
1683 2383 1794 2431 loco
1829 2382 1885 2431 fit
1920 2384 1972 2431 in
2007 2384 2113 2433 eius
2148 2386 2364 2453 scriptis,
2430 2403 2612 2453 nempe
2646 2387 2743 2436 sub

291 2465 445 2513 finem
481 2483 552 2513 or.
587 2475 698 2530 post
734 2465 956 2513 reditum
1009 2468 1059 2513 in
1103 2466 1302 2512 Senatu.
1347 2462 1516 2513 Verba
1565 2460 1817 2509 Plutarchi
1855 2471 1994 2510 sunt:
2060 2476 2137 2515 Ka}
2162 2476 2319 2525 τοσαύτη
2334 2477 2398 2523 τὰς
2424 2477 2657 2534 πόῳςχαρὰ
2688 2479 2749 2517 aa}

287 2549 429 2598 σπουδὴ
457 2549 540 2594 τοὺς
566 2548 788 2600 ἀνθρώπους
812 2548 893 2600 περὶ
918 2547 983 2596 τὴν
1003 2546 1205 2595 ἀπάντησιν
1234 2543 1334 2592 εἶχεν,
1363 2543 1431 2587 dics
1457 2543 1497 2581 τὸ
1526 2545 1643 2593 ῥηθὲν
1681 2541 1764 2580 *ιῗπὸ
1803 2544 2007 2594 Κικέρωνος
2042 2541 2171 2596 ῧςερον
2211 2545 2407 2598 ἐνδεές-ερον
2444 2544 2535 2585 εἶναι
2568 2548 2631 2596 τῆς
2656 2546 2747 2597 ἅλη-

287 2621 406 2664 θειάς·
435 2619 504 2667 ἔφη
531 2619 616 2671 γὰρ,
647 2617 760 2657 αὐτὸν
783 2620 840 2657 ἐπὶ
865 2619 937 2655 τῶν
965 2617 1072 2668 ὤμων
1097 2617 1164 2665 τὴν
1188 2615 1341 2655 Ἰταλίαν
1369 2616 1554 2664 φέρουσαν
1579 2611 1629 2654 εἰς
1656 2610 1721 2658 τὴν
1740 2610 1889 2661 Ῥώμην
1916 2612 2126 2663 εἶςενεγκεῒν.

419 2701 463 2748 5.
534 2700 725 2747 Nomus
778 2699 1075 2747 MARCELLUS
1137 2715 1171 2745 s.
1215 2715 1258 2744 v.
1319 2697 1532 2744 imitatio
1575 2711 1600 2740 e
1647 2711 1753 2760 cap.
1798 2711 1837 2747 1.
1870 2710 1944 2745 or.
1987 2711 2080 2761 pro
2115 2695 2358 2749 Marcello
2392 2699 2588 2747 recitat:
2659 2699 2749 2748 illo

291 2781 486 2828 aemulo
554 2790 710 2848 atque
774 2781 1029 2828 imitatore
1096 2780 1378 2827 studiorum
1446 2792 1685 2823 meorum.
1750 2773 1812 2822 Id
1861 2776 2047 2824 mirum
2090 2776 2294 2826 videtur
2333 2778 2521 2828 Wolfio
2569 2779 2744 2848 (praef.

290 2860 447 2906 Marc.
482 2878 529 2925 p.
566 2861 652 2922 9.),
689 2860 772 2906 cui
810 2859 873 2907 de
909 2858 1162 2908 consulari
1189 2860 1296 2906 viro
1332 2855 1566 2923 displicet
1598 2873 1709 2908 voc,
1744 2858 1987 2914 imitator,
2038 2858 2127 2904 etsi
2163 2857 2227 2905 de
2259 2858 2455 2907 minore
2489 2867 2631 2912 natu.
2679 2858 2746 2907 At

288 2939 537 2986 Weiskius
573 2937 721 2985 docet
755 2940 1045 3000 (comment.
1080 2936 1146 2984 ad
1179 2937 1334 2984 Marc.
1363 2955 1411 3003 p,
1449 2941 1564 3002 29.),
1604 2940 1903 2984 imitatorem
1935 2955 2038 2986 non
2072 2937 2235 2986 solum
2271 2956 2374 2988 esse
2410 2959 2541 2999 eum,
2578 2941 2664 3008 qui
2679 2939 2745 2988 ad

292 3020 490 3066 alterius
527 3019 784 3086 exemplar
818 3037 868 3066 se
905 3035 1208 3087 componere
1243 3018 1440 3066 studeat
1473 3035 1640 3083 neque
1676 3017 1729 3065 id
1763 3035 1968 3084 prorsus
2005 3029 2311 3086 assequatur,
2348 3021 2436 3070 sed
2461 3023 2608 3070 etiam
2628 3021 2744 3068 sim-

291 3099 502 3164 pliciter,
535 3101 622 3166 qui
663 3099 799 3148 idem
833 3110 955 3167 agat,
993 3100 1171 3148 eadem
1205 3100 1367 3148 studia
1403 3106 1669 3164 sequatur3
1738 3100 1818 3158 ita,
1866 3108 1923 3147 ut
1956 3099 2056 3148 hoc
2100 3118 2204 3149 non
2239 3102 2388 3150 simul
2422 3099 2744 3168 significetur,

293 3179 508 3227 eundem
541 3198 642 3228 esse
677 3181 969 3230 inferiorem
1004 3191 1054 3230 et
1089 3199 1198 3232 rem
1232 3199 1372 3230 suam
1407 3197 1555 3246 agere
1590 3178 1830 3237 deterius,
1908 3181 1997 3229 sed
2033 3191 2089 3229 ut
2124 3183 2271 3231 etiam
2305 3181 2562 3231 aemulum
2598 3180 2743 3229 illum

292 3270 523 3320 superare
557 3258 722 3323 possit.
757 3259 926 3326 Atque
964 3259 1114 3308 etiam
1146 3260 1334 3307 Brutus
1368 3258 1599 3317 affirmat,
1634 3258 1937 3308 Marcellum
1972 3259 2123 3309 fuisse
2140 3261 2440 3311 imitatorem
2469 3257 2738 3316 Ciceronis,

289 3335 343 3383 in
379 3335 512 3383 Tull.
547 3336 673 3386 libro
694 3336 757 3386 de
792 3338 938 3387 claris
954 3346 1153 3400 oraton,
1190 3353 1231 3387 c.
1253 3355 1330 3405 71.
1363 3337 1517 3401 „Vidi
1553 3340 1688 3390 enim
1705 3339 1962 3406 Mitylenis
1986 3356 2152 3407 nuper
2182 3340 2351 3389 virum
2383 3335 2736 3404 (Marcellum),
